3109 5050
284 468 339 516 1111

284 638 354 704 Has
377 639 483 702 autem
506 634 615 700 crebro
637 652 700 698 non
723 635 809 717 ipsas
824 651 896 698 eum
910 633 1022 710 adisse,
1044 635 1099 698 aed
1114 631 1302 717 Cypriani
1322 632 1418 696 teoti-

284 740 398 806 moniis
421 739 605 821 plerumque
627 756 720 803 nsum
742 755 810 802 esse
832 736 997 802 ostendere
1019 743 1148 802 condus
1170 757 1240 803 sum
1259 756 1418 803 commen·

284 843 419 921 tatione,
454 860 533 925 quae
560 840 744 907 inscribitur
771 839 1029 906 ‘Commodianus
1051 842 1116 906 und
1136 839 1289 923 Cypriane
1310 841 1418 906 'Pesti-

286 949 399 1011 monia'
425 945 587 1026 (Zeitschr.
610 945 635 1010 f.
657 943 836 1009 wissensch.
860 943 969 1009 Theol.
985 944 1079 1010 XXII
1102 963 1133 1026 p.
1149 945 1214 1009 374
1227 949 1321 1028 squ).
1354 943 1419 1011 sec

285 1049 456 1114 creatoris
479 1066 601 1131 qnoque
624 1045 772 1132 Cypriani
796 1048 939 1130 operibus
965 1066 1038 1111 eum
1064 1047 1230 1128 delibasse,
1264 1045 1419 1130 quidquid

285 1152 313 1216 ei
346 1150 545 1216 commodum
578 1151 759 1232 uidebatur,
793 1148 907 1214 multis
939 1157 1071 1232 apparet
1102 1150 1262 1233 exemplis.
1309 1149 1418 1214 litiam

285 1254 585 1320 Tertullianeae
609 1257 640 1317 et
661 1252 910 1318 Minucianae
938 1252 1086 1318 lectionis
1112 1253 1195 1334 apud
1216 1252 1417 1318 Commodia-

285 1376 361 1424 num
383 1376 543 1423 occurrere
565 1356 702 1439 uestigia
723 1357 788 1422 iam
811 1356 933 1439 pridem
956 1357 1206 1423 animaduersum
1229 1356 1326 1438 osv).

329 1479 374 1542 De
398 1477 519 1543 duabus
541 1479 619 1552 uiis,
647 1477 759 1560 quibua
781 1495 837 1560 per
858 1477 960 1542 uitam
983 1479 1081 1558 possit
1102 1477 1249 1560 migrari,
1272 1475 1419 1543 Commo-

286 1581 395 1648 dianus
417 1582 541 1664 saepius
556 1581 585 1665 (Ι
601 1581 653 1664 22,
671 1579 727 1658 15;
750 1581 792 1647 A.
806 1581 884 1662 699)
902 1580 949 1644 ita
963 1581 1111 1663 loquitur,
1134 1585 1172 1644 ut
1186 1599 1223 1645 ea
1237 1581 1290 1665 qni
1305 1579 1418 1664 legerit
1542 1658 1543 1661 Ἴ

284 1703 345 1750 nen
367 1685 467 1768 possit
482 1703 544 1749 nen
561 1701 728 1769 agnoscere
743 1701 822 1766 quae
837 1683 876 1748 de
890 1684 1010 1749 eisdem
1024 1683 1097 1764 uiis,
1121 1703 1185 1750 uua
1198 1685 1293 1766 uitae,
1315 1685 1418 1749 altera
1542 1686 1543 1695 ’

285 1790 405 1865 mortis,
428 1789 461 1853 in
483 1789 625 1854 doctrina
650 1787 708 1852 illa
730 1789 944 1870 apostolerum
966 1788 1111 1872 aguntur.
1141 1787 1227 1866 Quae
1247 1790 1355 1852 utrum
1378 1806 1416 1852 eu

285 1893 352 1976 ipso
380 1892 436 1957 ille
464 1891 550 1956 fonte
579 1892 692 1957 hausta
717 1891 782 1955 sint
803 1909 843 1955 au
866 1910 903 1956 er
924 1891 1028 1956 riuulo
1055 1891 1160 1974 aliquo
1189 1890 1261 1956 iude
1290 1891 1418 1955 descen·

287 1998 393 2074 dente,
418 1995 507 2060 uelut
530 2013 566 2058 er
588 1993 726 2076 epistula
747 1993 966 2073 Barnabae,
989 2012 1050 2058 non
1071 1989 1211 2059 multum
1233 1994 1346 2059 attinet
1356 1991 1396 2075 ⁶).

328 2113 421 2180 Haud
436 2131 506 2180 raro
521 2108 765 2180 Commodianus
789 2113 958 2179 Hermae
980 2115 1177 2198 pastorem
1199 2114 1325 2180 uidetur
1344 2113 1419 2178 imi·

285 2222 372 2284 tatus
395 2235 472 2302 esse,
498 2217 586 2282 cuius
609 2217 654 2281 rei
675 2215 843 2282 Adelfus
862 2215 1048 2281 Harnaok
1070 2218 1191 2302 primns
1213 2219 1293 2300 qued
1317 2216 1417 2282 sciam

286 2321 407 2386 monuit
423 2317 461 2405 ⁷).

333 2441 473 2523 Denique
489 2439 713 2505 Theodorus
728 2437 869 2521 Zahn⁸)
886 2439 969 2505 uidit
984 2441 1241 2505 commentarium
1257 2439 1417 2525 euangeli-

288 2563 393 2625 orum,
428 2545 483 2627 qui
505 2544 563 2611 sub
586 2542 751 2627 Theophili
776 2543 904 2607 nomine
926 2543 1155 2623 cucnmfertur,
1178 2562 1251 2609 cum
1272 2542 1416 2609 Commo·

289 2649 382 2717 diano
406 2646 529 2729 saepius
552 2647 600 2712 ita
622 2648 815 2729 conspirare,
846 2648 883 2712 nt
905 2646 1078 2712 uerisimile
1099 2647 1142 2711 ait
1163 2645 1418 2711 Commodianum

289 2751 373 2817 locos
405 2750 557 2833 quosdam
586 2754 641 2815 aut
671 2750 758 2816 illius
788 2751 1007 2817 commentarii
1029 2755 1084 2817 aut
1112 2751 1226 2829 feuda,
1260 2750 1342 2815 unde
1362 2750 1418 2815 ille

287 2853 440 2940 originem
463 2854 568 2932 duxit,
592 2855 741 2919 memoria
762 2856 908 2921 tenuisse.

329 2974 378 3040 Ne
398 2974 543 3056 profanas
566 2975 692 3058 quidem
716 2976 858 3053 litteras,
888 2976 1095 3059 quasillum,
1124 2974 1306 3057 priusquam
1328 2972 1419 3039 chri·

287 3077 407 3143 atianus
429 3076 533 3155 lieret,
568 3079 745 3161 amplexum
768 3097 836 3143 esse
858 3077 1038 3145 Gennadius
1060 3082 1210 3154 testator,
1243 3078 1352 3161 postea
1372 3077 1419 3143 ita

290 3179 421 3262 spreuit,
444 3184 480 3244 ut
503 3180 547 3245 eis
569 3182 643 3245 data
664 3181 826 3247 occasione
848 3183 896 3246 uti
917 3180 1027 3247 nollet.

331 3302 373 3367 Et
394 3300 630 3368 Horatianos
653 3302 734 3369 locos
747 3302 1006 3370 Commodianum
1027 3302 1062 3367 in
1076 3305 1214 3369 carmine
1228 3303 1418 3387 apologetico

291 3403 376 3469 haud
406 3422 476 3469 raro
507 3406 660 3489 attingere
690 3407 891 3472 Martinus
913 3407 1032 3473 Hertz
1062 3406 1096 3473 in
1122 3406 1227 3472 indice
1249 3406 1420 3473 lectionum

291 3507 482 3573 aestiuarum
498 3509 794 3576 Vratislauienaium
809 3512 883 3577 anni
901 3510 985 3577 1880
999 3511 1156 3593 probauit.
1178 3510 1268 3575 Addo
1284 3512 1328 3576 eia
1341 3528 1420 3592 quae

333 3694 355 3763 ³)
374 3695 416 3750 cf.
434 3694 551 3764 Rigaltii
569 3694 697 3763 praefat:
721 3695 807 3749 Stilus
825 3695 1033 3764 (Commodiani)
1049 3696 1194 3751 Africanae
1209 3696 1324 3749 ferociae
1340 3694 1421 3749 rusti·

291 3781 402 3833 citatem
432 3781 520 3849 sapit,
556 3796 622 3849 quae
652 3786 741 3834 tamen
771 3780 807 3834 ad
839 3782 963 3835 acumina
991 3780 1220 3846 Tertulliani,
1251 3780 1419 3850 Cypriani,

289 3865 435 3919 Minucii
458 3882 511 3919 nou
535 3866 720 3934 infrequenter
745 3866 853 3921 alludit

333 3951 351 4019 ⁶)
372 3952 412 4007 cf.
437 3952 542 4021 Διδαχὴ
564 3958 621 4005 τῶν
639 3952 748 4005 δώδεκα
765 3952 938 4020 ἀποστόλων,
966 3955 1040 4008 cuins
1062 3953 1110 4008 hoc
1133 3956 1175 4007 eat
1197 3954 1321 4007 initium:
1348 3946 1420 4004 Ὁδοὶ

290 4037 340 4090 δύο
359 4036 425 4105 etei,
452 4038 501 4106 μία
518 4038 567 4107 τῆς
583 4039 655 4106 ζωῆς
671 4038 717 4091 καὶ
735 4039 785 4107 μία
806 4042 857 4092 τοῦ
879 4041 1015 4093 θανάτου.
1050 4040 1135 4097 adoll
1149 4039 1274 4093 Hamack
1291 4038 1321 4093 in
1342 4038 1421 4107 epist·

290 4124 371 4177 Barn.
390 4140 412 4177 c.
431 4125 471 4179 18.

336 4212 355 4275 τ)
376 4210 467 4264 Theoi.
484 4208 683 4266 Literaturueit.
703 4212 771 4266 1879
788 4229 814 4281 p.
832 4214 864 4268 51
884 4229 942 4282 sqq.

334 4294 560 4436 'lIIIlirrschggrgen
573 4314 619 4352 nur
632 4298 793 4355 Geschichte
804 4300 851 4355 des
868 4299 1156 4355 neuteatameutlichen
1167 4299 1277 4354 Karous
1287 4298 1319 4353 11
1331 4316 1356 4367 p.
1368 4296 1418 4350 301

290 4396 337 4449 llo
422 4399 449 4450 P·
537 4400 594 4453 sll·
