3109 5050
282 475 327 520 111

282 645 366 710 enim
394 663 516 728 quoqne
544 645 680 728 suspicio
707 656 756 710 est
783 645 963 729 Rigaltm
990 663 1028 709 cx
1052 645 1124 728 ipso
1144 644 1319 729 apographo
1340 643 1414 710 Sir-

283 749 447 813 moudiano
470 747 631 830 petiuissc.

326 887 446 964 Restat,
466 889 504 952 ut
526 906 623 970 pauco
643 887 786 952 dieamus
808 889 847 951 de
867 886 964 950 uariis
978 885 1179 968 lectionibus,
1201 903 1280 968 quae
1293 887 1326 950 in
1341 886 1414 950 cod

283 991 315 1061 B
343 993 467 1073 praeter
496 995 617 1055 tentum
648 992 813 1055 adiunctae
841 993 927 1057 sunt.
968 991 1087 1056 Earum
1116 1007 1264 1072 magnam
1287 995 1414 1072 partem

283 1093 385 1176 prima
405 1111 516 1158 manns
537 1110 631 1176 snpra
652 1094 752 1157 lineas
773 1093 918 1175 scripsit3
939 1094 1095 1175 quadam
1109 1098 1217 1157 anum
1231 1093 1333 1158 altera
1352 1091 1415 1156 iila

283 1213 380 1261 manu
402 1197 524 1260 adiecta
545 1201 629 1271 sunt,
652 1214 734 1278 qnae
755 1195 953 1261 acrostichon
968 1196 985 1260 I
1003 1198 1043 1262 18
1058 1197 1160 1279 primo
1173 1195 1323 1262 omissum
1337 1213 1415 1276 eup-

283 1300 393 1382 picnit
431 1300 520 1364 Hanc
550 1301 681 1364 alteram
712 1299 830 1363 codicis
851 1299 884 1369 B
913 1319 1046 1364 manum
1067 1299 1168 1381 ipsius
1189 1298 1322 1382 Rigaitii
1343 1315 1414 1360 esse

283 1403 431 1485 cognom,
454 1406 506 1467 nbi
529 1404 608 1467 mibi
631 1403 776 1485 contigit,
799 1408 837 1466 ut
857 1404 996 1467 codicem
1018 1403 1051 1473 B
1072 1421 1145 1467 cnm
1167 1404 1251 1468 notis
1273 1403 1305 1466 ct
1326 1419 1412 1465 com·

284 1508 541 1572 mentatinncnlis
562 1525 786 1588 compararem,
809 1525 887 1589 quas
907 1505 1069 1590 Rigaltins
1084 1505 1279 1571 Berolinensi
1300 1505 1413 1569 editio-

284 1610 334 1673 nis
356 1610 507 1693 principis
530 1610 701 1692 exemplari
724 1627 783 1673 sna
804 1627 900 1674 mann
921 1608 1100 1686 subiunxit3
1133 1611 1172 1675 de
1197 1627 1260 1692 qua
1284 1627 1318 1672 re
1341 1607 1413 1672 uide

284 1711 576 1796 Sitzungsberichte
596 1713 685 1778 CVII
707 1732 738 1794 p.
763 1711 828 1776 714
847 1729 894 1794 sq.

328 1849 436 1915 Codici
457 1851 601 1916 Parisino
623 1851 829 1916 Leidensis
851 1850 1035 1916 simillimus
1058 1855 1116 1915 cst.
1149 1850 1250 1916 Iidem
1265 1868 1337 1915 cum
1350 1866 1412 1914 non

284 1955 392 2036 paucis
421 1955 499 2020 locis
533 1957 617 2019 inter
639 1975 673 2018 se
695 1955 858 2030 differant,
892 1955 1086 2020 Ernestns
1107 1955 1263 2038 Ludwig
1291 1951 1411 2036 putauit

284 2076 346 2122 nou
368 2058 502 2142 alterum
524 2079 560 2124 ex
582 2060 680 2125 altero
703 2059 893 2141 descriptum
915 2079 1004 2138 esse,
1030 2063 1084 2124 scd
1106 2064 1273 2140 utrumqne
1293 2075 1331 2122 ex
1350 2072 1410 2120 nno

285 2162 454 2242 codemque
483 2165 655 2245 antiquiore
676 2162 845 2246 archetypo
866 2162 1000 2227 fluxisse.
1040 2163 1106 2246 nge
1127 2181 1201 2227 nero
1222 2167 1255 2225 et
1275 2159 1410 2244 singulos

285 2267 427 2328 accurate
450 2267 630 2331 excutiendo
653 2269 684 2330 et
705 2266 813 2330 ambos
833 2266 918 2330 inter
937 2287 973 2332 se
987 2267 1194 2349 comparando
1209 2263 1338 2330 dubium
1352 2280 1410 2326 non

286 2385 353 2432 csse
383 2368 538 2450 intellexi,
574 2371 649 2451 quin
672 2368 837 2434 Leidensis
863 2389 900 2435 ex
923 2369 1068 2436 Parisino
1097 2372 1144 2435 ita
1165 2369 1210 2434 sit
1231 2365 1409 2450 descriptus,

286 2471 323 2536 nt
344 2471 490 2538 librarius
512 2471 628 2538 codicis
650 2472 821 2552 midensis,
843 2471 936 2538 homo
958 2474 1068 2539 doctus
1089 2473 1214 2557 aliquis,
1235 2490 1297 2537 non
1318 2487 1410 2555 pauca

287 2576 458 2639 mutauerit
481 2579 513 2641 et
534 2576 705 2653 addiderit3
739 2577 795 2659 qui
815 2580 923 2641 utrum
945 2578 1092 2643 omnibus
1118 2576 1210 2653 locis,
1242 2577 1354 2658 quibus
1373 2574 1410 2639 ab

287 2678 428 2761 exemplo
449 2696 505 2744 suo
528 2679 697 2757 abscessit,
720 2697 775 2744 suo
798 2682 926 2745 tantum
948 2680 1075 2763 ingenio
1097 2700 1172 2745 usus
1194 2680 1297 2745 sitan
1319 2679 1410 2744 inter·

288 2781 364 2847 dum
386 2786 510 2866 practer
532 2783 670 2849 codicem
692 2784 724 2854 B
747 2785 843 2849 ctiam
865 2786 965 2850 alium
987 2786 1155 2869 inspexerit
1177 2784 1305 2861 librum,
1327 2780 1408 2865 eqni·

288 2885 359 2950 dcm
374 2905 436 2951 nou
452 2886 554 2951 ausim
571 2887 742 2952 decernere.
766 2886 815 2953 Oi.
827 2886 1120 2972 Sitzungsberichte
1131 2884 1218 2952 CVII
1229 2907 1260 2971 p.
1273 2886 1336 2951 720
1349 2902 1409 2967 sqq.

330 2989 512 3073 Apographi
545 2986 759 3056 Sirmoudiani
794 2992 919 3073 saepius
955 2992 1020 3056 iam
1053 2992 1246 3058 mentionem
1278 2990 1409 3055 fecimus

288 3092 486 3175 Descriptum
508 3092 588 3158 illud
609 3114 629 3159 a
650 3094 815 3158 Sirmondo
837 3114 873 3158 ex
895 3094 997 3160 codice
1011 3093 1230 3161 Andecauensi
1253 3094 1357 3171 inisse,
1378 3090 1410 3155 ut

289 3214 384 3279 snpra
405 3200 446 3278 (p.
466 3196 543 3278 VII)
565 3196 816 3277 memorauimns,
839 3198 1029 3263 Baluaius
1051 3200 1199 3265 testatur.
1230 3199 1320 3263 Idem
1332 3194 1408 3261 anti·

289 3298 475 3381 quissimum
498 3300 594 3364 fuisse
609 3300 850 3365 fundamentum
865 3300 1075 3383 cognouimus,
1100 3320 1161 3385 quo
1175 3302 1272 3366 editio
1286 3296 1408 3381 Rigal-

290 3403 400 3467 tiana
435 3402 605 3468 nitebatur.
649 3403 729 3467 Inde
766 3403 902 3468 codicem
935 3404 967 3474 B
1001 3406 1194 3470 descendisse
1225 3405 1407 3470 arbitramur

293 3507 343 3587 (cf.
367 3524 397 3588 p.
424 3505 552 3591 v1111);
575 3508 679 3589 ipsum
701 3510 807 3572 autem
829 3509 1042 3592 apographum
1073 3508 1326 3574 Sirmoudiannm
1353 3521 1407 3569 non

289 3610 352 3674 iam
374 3610 499 3675 uidetur
521 3628 706 3692 comparere.
743 3610 951 3693 Quamquam,
974 3612 1007 3676 id
1022 3614 1103 3696 quod
1119 3612 1210 3696 paulo
1226 3615 1298 3697 post
1311 3615 1406 3674 osten·

290 3711 398 3791 detur,
433 3732 494 3779 uon
522 3732 639 3795 paucae
662 3718 726 3781 eius
749 3715 896 3781 lectiones
920 3716 1056 3783 editione
1078 3716 1217 3799 principe
1239 3715 1328 3781 nobis
1349 3730 1407 3777 ser·

291 3818 384 3879 natm
406 3818 490 3880 suut.

535 4004 592 4073 De
613 4005 846 4077 editionibus
867 4006 1171 4079 instructionum.

88 4170 160 4213 mitio
173 4172 273 4225 maor·
334 4156 439 4222 Editio
461 4156 603 4240 princeps
625 4178 644 4222 a
665 4160 794 4227 Nicolao
816 4162 956 4244 Rigaltio
985 4168 1095 4228 curata
1116 4164 1163 4227 sic
1184 4163 1233 4227 est
1253 4160 1410 4242 iuscripta:

149 4227 159 4263 l
212 4254 217 4265 .

139 4225 208 4275 (ω)
330 4276 561 4345 ‘Commodiani
573 4280 796 4349 Instructioues
808 4302 864 4366 per
876 4282 1002 4349 litteras
1018 4302 1164 4349 uersuum
1175 4283 1303 4367 primas.
1326 4282 1410 4347 Tem·

292 4399 365 4463 pore
388 4380 532 4447 siluestri
556 4384 591 4448 Ρ.
615 4384 650 4448 R.
679 4386 736 4449 sub
759 4385 962 4452 Constantino
986 4384 1073 4453 Caes.
1097 4388 1296 4471 compositae.
1329 4382 1413 4449 Nunc
