3109 5050
1304 526 1325 569 V

196 689 251 754 ille
275 689 430 774 congessit
453 690 602 772 exemplis
625 693 746 756 instrl
768 690 800 766 3,
823 690 972 775 9sqq.⁹),
995 692 1048 775 qui
1070 694 1156 759 locus
1179 712 1241 760 non
1262 694 1328 759 for-

195 795 311 858 tuitam
340 791 580 858 similitudinem
609 811 681 860 cum
704 794 813 860 Horat.
836 795 973 860 carmine
995 795 1042 862 lV
1062 796 1095 881 8,
1117 797 1139 862 5
1161 816 1228 882 sqq.
1256 817 1330 882 prae

195 915 229 963 se
251 895 322 962 fert.

244 1016 333 1081 Idem
365 1016 595 1083 Lucretium
629 1036 751 1100 quoque
784 1016 1007 1084 Commodiano
1042 1019 1203 1103 cognitum
1235 1019 1331 1086 fuisse

196 1119 318 1186 duobus
340 1122 506 1204 propositis
530 1121 678 1206 exemplis
701 1121 792 1188 docet
805 1121 857 1203 ¹⁰),
885 1141 980 1188 carm.
1004 1124 1084 1205 apol.
1106 1142 1138 1188 u.
1163 1123 1235 1204 123,
1259 1123 1328 1188 coll.

195 1225 319 1290 Luoret.
341 1225 387 1290 IV
409 1225 483 1303 569,
506 1226 557 1289 ΙΙΙ
579 1225 643 1290 222
666 1228 698 1291 et
720 1246 752 1292 u.
777 1225 841 1292 876
867 1226 965 1312 (888),
989 1227 1061 1292 coll.
1077 1227 1201 1293 Lucret.
1225 1225 1330 1291 1278·

195 1329 297 1396 Multo
320 1329 459 1411 apertius
482 1331 587 1396 autem
611 1349 646 1395 ea
668 1349 718 1394 res
741 1331 854 1410 elucet,
877 1331 932 1396 ubi
955 1330 1184 1414 comparaueris
1206 1331 1328 1397 Lucret.

196 1430 322 1496 vaalz
345 1449 440 1514 quare
462 1450 565 1498 mors
586 1432 787 1498 inmatura
809 1436 979 1518 uagatur
1001 1438 1033 1498 et
1055 1431 1214 1498 Commod.
1237 1431 1327 1496 iustr.

196 1537 211 1600 Ι
236 1535 286 1618 16,
309 1536 345 1600 4:
379 1535 461 1601 inter
483 1539 651 1620 utrumque
674 1535 742 1602 uias
772 1555 876 1601 mors
905 1538 1111 1602 inmatura
1140 1541 1329 1621 uagatur;

196 1639 318 1704 lucret.
343 1638 377 1702 ΙΙ
407 1640 480 1714 763,
515 1639 560 1704 lV
582 1639 666 1704 570:
702 1640 905 1705 rationem
938 1643 1104 1706 reddere
1138 1639 1265 1723 possis
1298 1644 1329 1703 et

197 1739 354 1806 Commod.
385 1743 474 1806 instr.
503 1741 600 1821 116,
632 1743 688 1808 13:
722 1741 920 1809 rationem
953 1745 1120 1809 reddere
1152 1743 1328 1825 possint.

195 1843 519 1909 Animaduertendum
547 1847 595 1910 est
624 1847 676 1910 hic
701 1846 749 1912 bis
771 1847 806 1911 in
829 1865 889 1911 nno
913 1844 1129 1911 Commodiani
1152 1844 1327 1912 acrostioho

197 1947 386 2012 Lucretiam
407 1949 504 2012 uerba
526 1957 693 2014 recurrere.
1100 1960 1105 1968 ·

238 2067 332 2132 Errat
356 2067 456 2150 igitur
478 2067 635 2134 Martinus
658 2068 773 2148 Hertz,
808 2086 884 2152 pace
913 2069 974 2134 uiri
1004 2086 1126 2133 summe
1161 2063 1328 2133 uenerandi

195 2170 334 2248 dixerim,
358 2190 429 2236 oum
453 2175 555 2236 censet
577 2172 858 2238 instructiones
881 2172 1003 2237 nullam
1024 2172 1225 2254 antiquarum
1239 2169 1327 2234 litte-

93 2265 98 2272 ’
195 2292 300 2338 rarum
324 2273 507 2339 memoriam
530 2276 680 2341 suscitare
694 2275 746 2358 ¹¹).

238 2395 276 2459 In
299 2395 361 2460 alia
383 2414 504 2479 quoque
526 2414 559 2462 re
581 2395 631 2461 uir
654 2395 854 2462 doctissimus
870 2395 1001 2460 fallitur.
1039 2394 1277 2460 Commodianus
1293 2392 1326 2456 iu

195 2517 291 2566 carm.
315 2499 397 2582 apol.
420 2517 450 2565 u.
473 2498 536 2565 583
559 2517 607 2582 sq.
629 2499 706 2565 haec
729 2499 824 2566 dicit:

280 2601 491 2685 Vergilius
513 2601 644 2686 legitur,
676 2600 811 2668 Cicero
835 2607 890 2666 aut
911 2601 1126 2694 Terentius
1149 2600 1242 2682 item3

281 2703 339 2768 Nil
362 2706 421 2769 nisi
444 2724 495 2769 cor
518 2704 655 2785 faciunt,
679 2709 818 2770 cetorum
841 2705 878 2769 de
901 2704 969 2769 uita
990 2704 1111 2795 siletur.

197 2822 372 2907 Vtcumque
396 2824 493 2891 uerba
509 2821 575 2890 ‘cor
592 2822 720 2891 faciunt’
745 2827 801 2891 aut
821 2825 1052 2908 interpretanda
1066 2827 1122 2890 aut
1137 2823 1328 2889 emendanda

197 2931 286 2994 sunt:
319 2929 400 2994 illud
429 2933 550 2995 comum
582 2934 633 2995 est
669 2930 861 3013 Vergilii,
896 2928 1115 3008 Ciceronis,
1150 2928 1328 2993 Terentii

197 3032 336 3098 studium
359 3032 410 3098 hic
433 3034 623 3117 uituperari3
657 3034 694 3099 de
716 3032 900 3110 Horatio,
929 3052 1022 3115 quem
1048 3032 1087 3096 ab
1111 3032 1177 3114 ipso
1200 3030 1325 3095 lectita·

196 3140 266 3201 tum
289 3156 351 3201 esse
373 3138 511 3219 apparet,
535 3136 794 3203 Commodianum
816 3141 927 3203 tacere.
964 3137 1032 3202 Hoc
1053 3132 1213 3200 Martinus
1227 3132 1327 3199 Hertz

198 3259 216 3305 a
238 3239 457 3307 Commodiano
480 3241 683 3307 callidissime
706 3240 868 3307 existimat
896 3240 1015 3305 factum
1047 3258 1128 3319 esse,
1164 3243 1200 3302 ut
1222 3239 1326 3320 palam

198 3342 386 3427 Vergilii,
419 3342 636 3423 Ciceronis,
668 3344 850 3409 Terentii
884 3347 1130 3425 contemptorem
1161 3345 1267 3425 ageret
1296 3342 1327 3404 et

197 3444 236 3511 ab
261 3464 367 3509 eorum
390 3444 567 3511 imitatione
591 3446 624 3510 in
647 3446 841 3511 carminibus
870 3446 935 3511 suis
958 3448 1098 3523 caueret,
1134 3443 1326 3509 clandestino

197 3549 304 3613 autem
327 3550 502 3627 Horatii,
535 3551 572 3614 de
595 3569 654 3633 quo
677 3552 778 3625 tacet,
814 3548 917 3614 studio
946 3549 1078 3613 lectores
1106 3566 1179 3613 suos
1202 3547 1327 3612 falleret

92 3704 99 3718 .
197 3650 327 3733 ideoque
350 3652 431 3716 clam
453 3651 557 3717 ridens
580 3672 690 3717 manus
713 3652 773 3718 sibi
796 3652 980 3736 perfricaret
1003 3652 1079 3733 siue,
1103 3657 1138 3716 ut
1160 3652 1253 3716 aiunt
1268 3651 1327 3715 Ro·

197 3754 298 3833 mani,
321 3754 354 3818 iu
377 3756 445 3819 sinu
467 3757 615 3841 gauderet
628 3757 681 3835 ¹²).

241 3872 266 3941 Ο
296 3874 454 3941 homiuem
488 3877 714 3958 ueteratorem,
749 3878 776 3941 si
810 3878 927 3963 egisset
959 3879 1025 3941 tarn
1060 3875 1188 3941 callide!
1228 3873 1328 3956 Atqui

198 3976 457 4058 Vergilianas
487 3998 607 4063 quoque
634 3982 666 4045 et
695 3981 840 4047 lectionis
869 3983 901 4046 et
926 3980 1113 4045 imitationis
1136 3980 1169 4043 in
1193 3979 1325 4062 utroque

243 4184 320 4249 ⁹)Cl.
340 4189 482 4241 comment.
502 4187 560 4239 orit.

241 4271 273 4339 ¹⁰)
291 4272 375 4326 Indis.
394 4273 500 4326 lection.
518 4289 543 4342 p.
561 4274 587 4329 8.

242 4356 272 4423 ¹¹)
290 4356 360 4410 Ibid.
378 4373 405 4426 p.
423 4358 447 4411 6.

241 4440 269 4509 ¹²)
288 4442 359 4497 lbid.
