3109 5050
287 463 316 510 11

290 632 399 698 offerro
422 629 562 710 Christo,
591 648 664 696 suae
686 628 797 695 salutis
826 629 955 712 auctori,
977 627 1104 711 scripsit
1126 625 1318 692 mediocri
1340 644 1422 691 ser·

290 753 398 801 mone
421 735 533 816 quasl
555 751 671 799 uersu
694 731 1002 815 aduersuspaganos.
1025 729 1279 814 lttquiaparum
1294 729 1421 794 nostra·

289 857 360 904 rnm
397 836 554 922 adtigerat
590 836 786 912 litterarum,
823 835 924 919 magis
960 834 1089 900 illorum
1125 832 1283 900 <imbuero
1315 831 1424 915 potuit

290 940 440 1024 dogmata
461 957 556 1023 quam
579 939 686 1004 nostra
707 939 843 1006 firmare.
879 937 969 1006 Vnde
992 939 1025 1004 ot
1048 938 1086 1003 de
1108 936 1225 1002 diuinis
1247 935 1424 1019 repromis-

290 1042 430 1110 sionibus
453 1043 602 1108 aduersus
625 1041 699 1106 illos
723 1058 819 1126 agens
848 1041 928 1107 uili
956 1040 1033 1107 satis
1064 1041 1097 1106 et
1126 1057 1276 1123 crasso,
1309 1042 1346 1105 ut
1373 1040 1426 1104 ita

289 1146 430 1226 dixerim,
454 1162 574 1211 sensu
596 1143 753 1223 disseruit,
776 1143 842 1209 illis
864 1145 1034 1228 stuporem,
1057 1141 1145 1209 nobie
1167 1142 1421 1226 desperationem

290 1249 454 1315 incutiens.
499 1245 800 1313 Tertullianum
835 1250 866 1311 et
900 1245 1153 1312 Lactantium
1186 1229 1422 1329 ot'Papiam

291 1355 433 1418 auctores
462 1351 587 1416 secutus
618 1349 768 1416 moralem
798 1366 872 1415 sano
899 1347 1072 1415 doctrinam
1094 1353 1126 1416 et
1149 1347 1284 1415 maxime
1307 1347 1422 1415 uolun-

259 1442 389 1521 'tarise
411 1453 603 1537 paupertatis
626 1471 765 1519 amorem
788 1453 906 1535 optimo
927 1455 1109 1536 prosecutus
1138 1451 1340 1519 studentibus
1370 1453 1425 1516 in-

292 1558 446 1624 sulcauit!

336 1678 423 1744 Haec
444 1677 604 1759 aliquanto
626 1676 771 1760 pauciora
792 1679 875 1756 sunt,
898 1693 992 1759 quam
1016 1693 1096 1758 quae
1116 1693 1242 1745 noscere
1265 1676 1303 1742 de
1327 1674 1424 1742 Com·
1546 1676 1547 1713 r

292 1781 435 1846 modiano
457 1780 608 1864 uelimue;
640 1782 671 1845 et
693 1778 817 1845 utinam
840 1797 876 1844 ea
898 1780 977 1861 ipsa,
999 1797 1077 1861 qnae
1099 1777 1278 1846 Gennadius
1299 1797 1421 1846 memo·

291 1882 356 1949 riae
386 1882 505 1967 prodit,
538 1880 642 1947 omnia
671 1899 747 1946 uera
776 1881 828 1946 uel
852 1884 938 1948 certa
960 1881 1079 1948 essent!
1124 1881 1209 1964 Quae
1232 1884 1358 1966 quidem
1381 1882 1421 1946 de

291 1986 470 2052 auctoribus
494 1984 579 2063 dicit,
602 2001 679 2067 quoe
702 1987 826 2050 secutus
847 1983 1086 2051 Commodianus
1108 1985 1162 2070 sit,
1185 2004 1221 2051 ea
1242 1985 1327 2052 baud
1348 2005 1424 2070 par·

291 2109 366 2155 uam
388 2091 515 2154 mouent
538 2087 776 2155 dubitationem.

335 2209 375 2274 lit
399 2228 434 2275 er
455 2209 600 2291 Papiae
629 2209 719 2275 libris
742 2209 812 2274 tam
832 2208 964 2294 exiguae
986 2210 1152 2293 supersunt
1181 2211 1347 2296 reliquiae,
1373 2213 1423 2294 ut,

293 2331 372 2395 quae
402 2311 613 2378 intercesserit
642 2312 725 2378 inter
754 2311 842 2378 illius
872 2317 906 2378 et
928 2311 1142 2380 Commodiani
1164 2313 1261 2380 libros
1283 2316 1422 2390 rrecossi·¹

222 2433 223 2437 ¹
292 2416 380 2500 tudo,
414 2433 476 2481 non
497 2414 562 2480 iam
588 2415 686 2497 possis
716 2415 916 2500 inuestigare.
960 2417 1008 2482 De
1037 2417 1285 2484 Tertulliano
1313 2419 1425 2502 utique

291 2537 403 2584 uerum
424 2517 506 2583 uidit
528 2517 720 2587 Gennadius.
764 2518 810 2585 At
837 2519 1093 2587 Lactantium
1122 2521 1226 2587 aetate
1249 2540 1312 2587 non
1337 2519 1421 2606 prio-

293 2641 368 2705 rem,
391 2626 427 2687 ut
449 2621 504 2687 ille
526 2623 667 2706 putabat,
690 2622 744 2687 sod
766 2622 967 2704 posteriorem
982 2622 1206 2691 Commodiano
1224 2624 1322 2692 inisse
1339 2644 1422 2693 nuno

293 2727 421 2808 quidem
442 2727 568 2791 tantum
591 2744 652 2790 non
674 2724 757 2790 inter
778 2742 885 2791 omnes
901 2729 1035 2793 condat.
1069 2728 1164 2793 Error
1178 2728 1333 2797 Connudii
1348 2729 1421 2797 inde

293 2829 420 2895 uidetur
448 2827 607 2911 profectus
639 2847 721 2907 esse,
756 2830 838 2911 qnod
864 2831 897 2895 ot
919 2828 1162 2898 Commodianus
1185 2832 1218 2897 et
1239 2833 1421 2899 Iacmntius

294 2950 330 2997 er
353 2930 467 2997 eisdem
491 2931 630 2997 fontibus
652 2931 834 3007 hauserunt,
858 2950 990 3014 quorum
1012 2933 1147 3000 fontium
1171 2936 1315 3019 princeps
1330 2938 1424 3019 atque

294 3036 478 3119 praecipuus
507 3032 678 3117 Cyprianus
706 3034 768 3100 fuit
783 3033 819 3119 ¹).
865 3035 968 3103 Huius
990 3037 1150 3120 uestigiis,
1180 3038 1214 3104 id
1236 3041 1317 3121 quod
1340 3037 1421 3105 Ceu·

294 3138 424 3204 nadium
439 3135 589 3219 fugiebat,
606 3135 862 3204 Commodianum
884 3139 1048 3224 pedisequi
1063 3140 1155 3206 modo
1179 3141 1334 3207 institisse
1355 3160 1422 3207 cer·

294 3240 457 3305 tissimum
479 3240 536 3305 est.

339 3363 417 3428 Post
430 3362 583 3429 Gennadii
599 3363 739 3448 tempora
754 3367 792 3430 de
808 3364 1028 3432 Commodiano
1040 3367 1123 3448 apud
1134 3366 1301 3449 scriptores
1316 3384 1422 3431 rursus

298 3467 399 3537 arcum
427 3470 473 3533 eet
499 3466 676 3546 silentium
709 3468 809 3533 nihilo
831 3473 939 3534 tamen
961 3470 1058 3534 setius
1081 3468 1184 3534 modio
1206 3469 1288 3552 quod
1310 3470 1423 3535 dicitur

297 3587 374 3635 aeuo
405 3569 545 3635 carmina
574 3571 640 3636 eius
671 3570 842 3637 identidem
872 3571 1137 3638 describebantur.
1186 3572 1227 3637 Et
1260 3573 1424 3656 conplures

296 3689 403 3738 eorum
427 3673 548 3738 codices
570 3675 706 3740 aetatem
728 3675 881 3751 tulerunt,
905 3692 1036 3758 quorum
1057 3693 1129 3758 pars
1151 3692 1214 3739 non
1236 3675 1282 3741 ita
1304 3674 1423 3759 pridem

297 3775 423 3840 uidetur
441 3775 565 3858 perisse.
601 3776 840 3861 Typographioa
861 3781 967 3842 autem
983 3779 1049 3843 arte
1071 3778 1199 3843 inuenta
1221 3796 1293 3843 cum
1315 3779 1424 3862 ingens

298 3878 439 3943 exortum
470 3885 552 3945 esset
582 3881 740 3946 certamen
772 3883 811 3945 ad
841 3880 938 3947 libros
968 3886 1000 3946 et
1029 3881 1229 3947 classicorum
1261 3883 1293 3947 et
1327 3881 1422 3947 eccle-

298 3982 497 4048 siasticorum
527 3984 713 4066 scriptorum
743 3985 827 4068 typis
857 3984 1083 4069 inprimendos,
1119 3983 1358 4051 Commodianus
1386 3983 1425 4049 ob

297 4086 444 4166 nimiam,
483 4085 606 4171 opinor,
645 4090 676 4151 et
711 4090 862 4153 sermonis
894 4087 926 4153 et
958 4086 1106 4153 uersuum
1137 4089 1339 4173 asperitatem
1372 4086 1424 4152 diu

297 4188 416 4254 nemini
440 4189 601 4254 doctorum
624 4190 737 4273 dignus
762 4190 851 4256 uisus
875 4194 931 4271 est,
955 4192 1009 4274 qui
1033 4190 1184 4257 ederetur.

340 4378 361 4446 ²)
376 4374 418 4431 or.
436 4390 462 4443 p.
480 4375 548 4433 1111.
