3109 5050
261 517 285 562 Χ
304 477 307 486 .

302 686 410 752 Nonas
432 687 584 769 quasdam
606 705 656 751 res
679 687 770 767 addo,
797 690 880 755 nnde
901 691 1051 773 appareat
1074 707 1137 756 non
1159 691 1267 775 ntique
1288 689 1392 755 solnm

262 788 401 862 codicem
423 789 455 860 B
477 788 616 871 Rigaltio
638 792 677 856 ad
699 808 812 856 manus
834 789 942 871 fuisse,
964 811 1038 857 cnm
1052 793 1275 859 instructiones
1298 793 1392 859 eden·

260 893 316 958 das
341 895 474 958 curaret.

302 1013 341 1077 In
371 1012 559 1078 relationum
590 1011 776 1078 Academiae
806 1012 930 1081 Caesar.
952 1014 1090 1081 Vindob.
1120 1017 1280 1082 uolumine
1303 1014 1393 1082 CVII

259 1136 288 1199 p.
307 1117 368 1183 738
384 1133 431 1198 sq.
453 1117 570 1181 multos
594 1115 691 1182 attuli
712 1115 807 1198 locos,
832 1116 946 1201 quibus
968 1118 1065 1186 editio
1081 1120 1223 1204 princepe
1238 1139 1309 1184 cnm
1324 1119 1390 1185 cod.

260 1219 536 1285 Gheltenhamensi
552 1221 707 1297 conuenit,
731 1238 750 1285 a
765 1221 833 1287 cod.
848 1221 992 1287 Parisino
1007 1221 1122 1288 differt
1144 1221 1231 1302 Quae
1245 1223 1390 1306 exempla

260 1325 451 1405 quamquam
480 1322 658 1407 sufficiunt,
692 1341 790 1388 unum
819 1327 941 1402 tamen,
975 1325 1059 1409 quod
1088 1323 1155 1391 illic
1176 1326 1315 1392 omisisse
1338 1344 1390 1391 me

260 1427 415 1508 paenitet,
437 1426 489 1491 hic
512 1427 635 1492 addam.

302 1546 319 1610 Ι
341 1546 394 1624 23,
419 1546 460 1612 14
481 1546 515 1611 in
537 1545 673 1612 editione
695 1548 835 1629 principa
857 1547 934 1614 haec
956 1547 1121 1632 leguntur:

401 1649 440 1715 In
462 1649 636 1733 supplicem
658 1651 763 1732 prodis
786 1649 855 1726 dei,
878 1652 937 1716 sub
958 1652 1089 1734 aspectu
1110 1650 1249 1734 tyranni.

304 1770 390 1836 Illud
421 1769 474 1834 dei
507 1789 605 1853 neque
636 1769 671 1834 in
697 1771 730 1842 B
756 1789 856 1853 neque
883 1771 917 1836 in
937 1771 975 1842 A
1003 1772 1164 1836 inuenitur
1192 1769 1322 1852 ideoque
1352 1769 1391 1835 ab

260 1874 391 1940 Ernesto
413 1873 546 1958 Ludwig
568 1872 741 1950 omittitur,
764 1891 955 1955 quamquam
977 1891 1014 1938 ea
1035 1892 1069 1939 re
1091 1891 1200 1938 nemus
1222 1873 1391 1940 claudicat.

260 1978 306 2043 At
328 1975 616 2042 Cheltenhemensie
639 1975 770 2042 editioni
800 1976 936 2059 principi
964 1975 1169 2058 unoquoque
1190 1977 1257 2042 loco
1279 1977 1392 2042 suffra·

259 2083 363 2165 gatus.
400 2080 512 2163 Itaque
534 2097 605 2145 cum
629 2099 667 2144 ne
690 2081 914 2162 sagacissimus
936 2079 1066 2161 quidem
1091 2079 1186 2146 homo
1215 2081 1392 2146 coniectura

259 2182 404 2268 supplere
424 2200 535 2248 uocem
556 2181 608 2246 dei
628 2183 783 2265 potnerit,
815 2182 948 2248 dubium
970 2201 1034 2248 non
1056 2185 1120 2262 est,
1154 2183 1232 2267 quin
1252 2182 1391 2266 Rigaltio

260 2290 383 2369 praeter
412 2285 594 2351 Parisinum
623 2284 705 2349 alins
734 2303 856 2368 quoque
886 2285 982 2351 codex
1010 2285 1167 2362 adinemt,
1197 2305 1289 2369 quem
1318 2305 1391 2352 con·

261 2389 388 2455 sudaret.

303 2508 482 2576 Acrostichi
504 2507 521 2573 Ι
545 2506 585 2572 13
608 2526 735 2573 uersum
757 2507 778 2572 5
800 2507 961 2590 Rigaltius
984 2509 1028 2575 sic
1049 2509 1192 2593 scripsit:

405 2612 485 2679 Cum
507 2613 535 2678 si
557 2612 632 2678 deus
655 2614 736 2677 esset
759 2630 899 2694 unquam
920 2631 981 2677 non
1003 2614 1088 2679 furto
1111 2614 1251 2679 sinebat

260 2734 350 2798 Idem
371 2732 405 2797 in
428 2732 649 2797 commentario
671 2733 818 2798 adnotat:
841 2729 922 2799 ‘Est
944 2734 1010 2816 qui
1032 2733 1161 2799 malit:
1185 2734 1391 2799 sumsere

260 2840 345 2919 esset,
369 2837 448 2918 ctip.
474 2836 564 2918 (sict)
586 2855 653 2900 con
673 2834 759 2915 furto
774 2834 911 2900 dicebat.
946 2836 1008 2901 Sed
1022 2836 1099 2901 haec
1112 2837 1268 2919 particula
1281 2838 1392 2918 utique

261 2958 367 3006 rursus
383 2942 523 3005 occurret
536 2958 630 3005 uersu
644 2940 781 3021 proxime
796 2936 889 3023 sequ!
913 2976 956 2986 -
971 2939 1048 3018 Quis
1062 2942 1112 3005 est
1126 2941 1190 3019 ille,
1214 2941 1268 3023 qui
1282 2940 1390 3022 atique

260 3045 355 3110 malle
377 3044 490 3109 dicitur
512 3061 607 3127 quam
632 3043 803 3125 coquam?
840 3043 877 3107 ln
900 3042 1040 3109 Parisino
1063 3043 1189 3126 quidem
1210 3046 1276 3109 sole
1298 3044 1390 3109 lectio

260 3164 404 3229 ecquam
426 3147 601 3221 inuenitur3
635 3165 695 3212 non
717 3147 820 3231 magis
841 3146 875 3210 in
896 3146 1080 3213 Leidensem
1103 3147 1242 3213 codicem
1264 3149 1388 3228 cadunt,

261 3268 341 3331 quae
356 3250 514 3335 Rigaltius
535 3250 630 3334 dieit3
653 3250 697 3314 ibi
720 3252 805 3314 enim
826 3250 859 3314 in
882 3253 970 3314 textu
991 3269 1169 3332 eunocum,
1193 3250 1227 3315 in
1248 3251 1391 3332 margine

261 3373 404 3436 coquom
440 3354 592 3436 scriptum
625 3356 673 3419 est
707 3372 808 3435 neque
842 3354 1012 3437 quidquam
1045 3358 1208 3435 praeterea
1240 3353 1391 3420 additum.

261 3457 401 3539 Apparet
423 3456 522 3540 igitur
544 3455 719 3537 Rigaltinm
741 3456 909 3521 lectionem
930 3458 1038 3538 atique
1060 3475 1096 3521 ex
1118 3456 1181 3521 aiio
1203 3456 1290 3521 fonte
1311 3455 1391 3539 peti·

261 3560 357 3644 uisse,
392 3578 484 3642 quem
514 3561 684 3642 genuinum
713 3560 812 3625 inisse
842 3560 1026 3625 documento
1048 3561 1111 3640 est,
1141 3562 1224 3643 quod
1246 3558 1391 3625 Ghelten·

262 3663 418 3729 hamensis
441 3681 561 3748 quoqne
582 3663 655 3756 reip
674 3662 761 3746 (sict)
787 3662 927 3746 praebet.

310 3786 528 3867 Insequentem
564 3783 702 3848 eiusdem
736 3783 883 3850 carminis
920 3800 1046 3847 uersum
1083 3782 1178 3848 editio
1208 3782 1391 3867 Rigaltiana

261 3890 345 3955 hunc
367 3888 401 3953 in
424 3890 550 3955 modum
572 3888 720 3954 tradidit:

426 3992 580 4057 Terrenus
602 3991 711 4075 utique
733 3989 796 4055 fuit
819 3992 850 4054 et
873 3990 1084 4055 monstriuora
1106 3990 1228 4055 natura.

262 4112 383 4180 Ibidem
414 4112 446 4177 in
480 4113 704 4177 commentario
736 4111 876 4177 additur:
908 4108 1034 4177 ‘Placet
1064 4110 1257 4177 emendatio:
1294 4108 1389 4174 Moc-

260 4213 404 4283 straena?
443 4216 528 4297 Quae
560 4215 734 4281 emendatio
764 4218 872 4279 utrum
901 4215 1000 4298 ipsius
1029 4214 1072 4279 eit
1094 4233 1134 4279 cn
1154 4214 1236 4281 alius
1260 4214 1390 4280 alicuius

261 4320 419 4404 Rigaltius
435 4337 497 4384 non
514 4318 601 4384 dicit.
635 4321 689 4397 At,
713 4317 775 4381 nisi
791 4318 892 4397 fallor,
916 4317 992 4383 haec
1007 4336 1046 4383 ne
1061 4318 1111 4383 est
1125 4317 1253 4400 quidem
1269 4334 1390 4383 emen·

262 4423 387 4501 datio,
411 4427 447 4486 nt
469 4422 540 4503 Rig.
563 4422 642 4486 falso
665 4421 859 4504 opinabatur,
882 4422 935 4487 sed
958 4423 1122 4503 antiqua
1143 4424 1180 4485 et
1201 4438 1296 4485 nera
1317 4420 1388 4483 lec-
