3109 5050
1229 429 1290 477 llIII

158 599 295 681 primum
311 598 393 682 typis
409 597 584 663 mandatae.
614 597 700 662 Tulli
716 599 899 668 Leucorum.
928 601 1020 682 Apud
1037 599 1113 664 Sim.
1130 600 1289 684 Belgrand

159 701 491 779 &Io.·Laurentium‚
516 701 735 786 Typographos
759 703 883 787 Regios.
921 701 1169 773 dccxcix.
1209 701 1287 789 Cum

157 806 323 889 priuilegio
345 807 462 889 Regis'

201 910 245 974 Ea
268 910 363 975 editio
387 927 447 991 qua
469 909 589 974 ratione
612 910 654 973 sit
675 909 841 989 instituta,
875 909 1022 993 quoniam
1050 909 1128 974 alias
1151 908 1215 973 iam
1238 929 1288 973 ex-

157 1013 248 1096 posui
260 1011 312 1094 ⁹⁹),
336 1011 403 1077 illic
418 1029 496 1094 quae
512 1012 575 1076 dixi
590 1011 661 1076 nolo
677 1013 826 1095 repetere.
860 1010 946 1078 Illud
960 1015 1086 1078 tantum
1100 1013 1287 1087 monuerim,

157 1118 191 1183 in
207 1117 342 1182 editione
357 1117 494 1198 principe
511 1115 636 1198 praeter
650 1117 771 1181 textum
788 1117 1032 1183 instructionum
1054 1135 1124 1182 eam
1146 1115 1289 1198 inprimis

157 1220 335 1304 appendicis
358 1221 481 1302 partem
505 1217 637 1284 alicuius
661 1239 726 1284 esse
749 1221 913 1299 momenti,
937 1239 999 1302 qua
1014 1221 1121 1285 uariae
1137 1219 1287 1284 lectiones

158 1343 194 1390 ex
216 1324 393 1407 apographo
417 1320 575 1387 Sirmondi
599 1323 810 1406 proferuntur.

202 1428 293 1491 Anno
316 1431 387 1508 post
409 1425 604 1508 publicatam
626 1425 799 1509 principem
822 1425 922 1491 altera
937 1425 1053 1506 prodiit
1068 1424 1164 1489 editio
1182 1427 1289 1491 eodem
1321 1435 1478 1539 cuffiam

158 1531 285 1596 homine
310 1531 400 1595 docto
425 1534 564 1607 curante,
589 1530 675 1595 euius
698 1530 776 1595 haec
798 1531 846 1594 est
868 1526 1047 1611 inscriptio:
1433 1519 1439 1530 ’

201 1632 431 1699 ‘Commodiani
465 1633 689 1697 Instructioues
723 1631 871 1708 aduersus
900 1630 1049 1696 Gentium
1084 1632 1176 1696 Deos.
1221 1625 1289 1710 'Pro

158 1737 329 1803 christiana
353 1729 529 1821 disciplina.
568 1737 720 1818 Tempore
737 1734 883 1802 Siluestri
905 1735 941 1828 P.
957 1737 996 1801 u.
1012 1737 1069 1800 sub
1085 1733 1290 1798 Constantino

159 1841 246 1906 Caes.
270 1839 469 1922 compositae.
507 1838 600 1904 Nunc
621 1841 759 1921 primum
782 1839 866 1922 typis
888 1839 1065 1903 mandatae.
1103 1837 1189 1902 'lulli
1210 1837 1291 1902 Leu-

158 1962 274 2009 corum.
319 1944 410 2024 Apud
445 1942 474 2008 S.
503 1942 660 2025 Belgrand
695 1947 727 2007 ct
760 1942 786 2007 I.
817 1941 1035 2016 Laurentium,
1070 1941 1291 2023 [typographos

158 2047 283 2129 Regios.
319 2043 486 2110 M.DO.L.
527 2043 607 2108 Cum
629 2043 796 2128 priuilegio
818 2045 934 2128 Regis!

202 2151 318 2214 Textus
342 2147 475 2214 alterius
497 2148 642 2213 editionis
666 2166 684 2210 1
704 2148 841 2231 principe
864 2166 924 2212 non
940 2149 1046 2230 paucis
1061 2146 1138 2212 locis
1155 2147 1291 2230 diuergit

158 2271 258 2335 neque
281 2253 386 2318 tamen
409 2250 476 2317 ideo
498 2249 610 2315 melior
632 2251 734 2316 iactus
757 2252 814 2315 est.
849 2250 931 2315 Nam
955 2249 1112 2330 Rigaltius
1135 2251 1169 2314 in
1192 2252 1291 2316 altera

159 2356 311 2431 editione,
343 2356 379 2419 ut
409 2353 527 2437 aliquot
556 2353 722 2419 manifesta
744 2353 891 2418 editionis
913 2353 1064 2437 principis
1087 2354 1200 2418 menda
1223 2372 1290 2418 eor-

159 2459 255 2539 rexit‚
283 2458 329 2523 ita
352 2459 459 2524 crebro
482 2460 538 2523 aut
560 2457 661 2539 ipsam
684 2457 851 2521 lectionem
872 2456 1040 2541 genuinam
1063 2457 1118 2520 aut
1139 2459 1290 2540 genuinae

158 2562 275 2628 indicia
304 2563 500 2645 praepostere
532 2560 680 2627 aboleuit.
732 2558 778 2625 cf.
800 2558 1100 2643 *uitaungsbenchce
1128 2559 1233 2625 xcvl
1260 2581 1291 2644 p.

159 2666 313 2747 411111.

204 2768 308 2833 ltditio
331 2769 431 2833 altera
453 2767 713 2833 commentarium
736 2785 858 2849 quoque
881 2767 1031 2845 concoct,
1055 2779 1115 2849 quo
1139 2768 1186 2832 ed.
1204 2768 1291 2849 prin·

161 2888 232 2955 ceps
264 2872 355 2936 caret.
399 2870 438 2934 In
468 2888 503 2935 eo
534 2873 759 2935 commentario
792 2872 915 2951 praeter
943 2890 1047 2934 rerum
1071 2875 1102 2934 et
1124 2872 1291 2936 uerborum

160 2974 383 3056 explicationes
405 2972 490 3039 haud
512 2990 582 3038 raro
603 2976 708 3038 uariae
723 2972 873 3038 lectiones
889 2992 925 3038 ex
940 2973 1118 3057 apographo
1134 2972 1291 3039 Sirmondi

53 3088 54 3091 ’
160 3078 453 3155 commemorantur,
477 3093 554 3157 quae
577 3077 611 3139 in
633 3077 803 3159 appendice
826 3076 973 3141 editionis
995 3076 1143 3157 principis
1166 3076 1291 3141 desunt.

203 3180 249 3244 De
287 3180 415 3260 ceteris,
453 3198 531 3261 quae
567 3180 601 3243 in
641 3182 686 3245 ed.
725 3180 825 3244 altera
861 3178 1013 3244 notabilia
1048 3179 1212 3258 uidentur,
1250 3180 1289 3245 cf.

160 3282 450 3368 Sitnungsbericbte
473 3281 577 3348 XCVI
600 3301 630 3365 p.
652 3282 717 3348 460
739 3302 806 3365 sqq.

203 3388 322 3452 Harum
360 3390 492 3451 duarum
521 3387 696 3450 editionum
725 3388 927 3469 exemplaria,
966 3405 1045 3469 quae
1074 3386 1139 3451 iam
1170 3388 1291 3451 saeculo

160 3492 294 3573 septimo
318 3490 437 3556 decimo
461 3492 590 3553 exeunte
613 3489 778 3555 admodum
801 3508 873 3554 rara
894 3490 991 3554 fuisse
1007 3488 1172 3555 Gisbertus
1189 3488 1292 3572 Guper

159 3597 195 3659 in
210 3596 411 3660 Lactantiaui
425 3594 502 3659 libri
518 3595 556 3661 de
571 3596 663 3659 mort.
680 3597 834 3677 persecut.
857 3614 884 3661 c.
900 3596 921 3659 2
943 3597 1080 3678 adnotat,
1104 3597 1293 3677 paucissima

160 3718 245 3765 nunc
267 3699 441 3781 supersunt,
475 3716 534 3781 quo
559 3698 764 3778 factumest,
799 3702 836 3764 ut
858 3702 895 3765 de
918 3700 1053 3765 editione
1075 3700 1216 3783 principe
1239 3703 1292 3765 diu

159 3822 307 3889 peruersa
332 3803 428 3866 fuerit
451 3801 616 3867 hominum
640 3804 803 3867 doctorum
826 3801 930 3884 opinio
942 3800 994 3888 ²³).

204 3905 253 3970 Ac
281 3905 431 3988 principis
462 3906 589 3988 quidem
624 3906 769 3971 editionis
797 3906 968 3970 Parisiis
998 3906 1073 3987 duo,
1108 3905 1292 3970 Berolini

60 4002 63 4009 ’
159 4027 277 4093 unum3
299 4009 430 4073 alterius
452 4009 596 4073 editionis
620 4009 745 4092 singula
763 4009 894 4073 Parisiis
911 4013 942 4072 et
959 4008 1099 4073 Berolini
1121 4010 1154 4072 in
1176 4008 1292 4074 biblio-

159 4112 259 4176 thecis
283 4111 416 4193 publicis
439 4111 627 4194 exemplaria
650 4114 826 4177 seruentur.
854 4111 1070 4176 Berolinensia
1092 4110 1289 4193 exemplaria,

160 4240 365 4253 —A-ae-u—d———n-——s

207 4280 238 4347 ²²)
259 4280 506 4351 Sitnungsberichte
525 4280 610 4336 XCVI
629 4297 654 4349 p.
673 4282 722 4337 447
743 4296 800 4349 sqq.

204 4366 447 4437 amem
