3109 5050
284 422 359 470 11111

284 611 362 676 quas
383 591 450 678 ipse
471 593 643 662 identidem
666 597 745 662 meis
768 597 866 664 oculis
888 597 1040 682 lustrem,
1076 620 1138 668 uno
1159 601 1318 670 uolumine
1342 623 1423 672 uou-

285 695 427 762 tinentur
455 698 538 764 buno
567 700 601 764 in
632 701 760 766 modum
789 701 956 786 insignito:
984 701 1085 770 ‘Libe
1106 705 1188 790 inpr.
1203 725 1231 772 c.
1251 709 1319 772 uot
1341 727 1423 775 rusa

285 799 396 880 Quart.
410 797 471 864 493
495 799 534 865 In
550 799 607 867 boc
629 803 799 882 uolumine,
821 805 906 887 quod
928 805 1007 870 olim
1028 806 1092 871 init
1111 808 1147 873 in
1168 827 1298 876 numero
1318 810 1422 878 libro-

285 921 355 968 rum
386 901 610 970 Ezechielis
632 905 864 988 spanheim,
897 906 1043 974 editionis
1071 909 1224 994 principie
1245 912 1364 978 titulus
1389 914 1423 978 et

286 1004 439 1089 praefatio
462 1006 494 1070 et
516 1005 623 1084 index,
658 1025 719 1089 qno
748 1009 890 1091 capitulo
917 1010 1423 1097 monmorenciacensem,

287 1108 415 1186 desunt;
448 1113 553 1174 dedere
588 1109 636 1175 ite
672 1113 745 1176 sunt
774 1113 952 1197 conposite:
985 1115 1238 1182 Praemittuutur
1267 1118 1421 1184 editionis

287 1211 416 1276 alienus
445 1210 560 1278 titulus
589 1217 622 1278 et
651 1213 823 1298 praesrtim
858 1215 1061 1300 subsequitur
1089 1219 1237 1286 editionis
1266 1222 1422 1304 principis

287 1319 391 1380 textus
413 1334 484 1380 cum
506 1315 690 1400 appendice;
714 1319 866 1386 cleudunt
888 1338 1002 1406 mmor
1023 1321 1161 1406 reliquae
1174 1323 1321 1390 editionis
1336 1325 1421 1392 alte-

287 1417 353 1483 rius
368 1422 482 1502 pertcs.
515 1420 676 1486 Accedunt
699 1427 804 1488 eutem
826 1422 868 1488 ed
888 1441 936 1504 ea,
959 1443 1039 1508 queo
1060 1427 1145 1509 typis
1167 1429 1241 1494 suut
1263 1430 1421 1511 inpressa,

289 1522 564 1589 commentationes
579 1527 611 1588 et
630 1524 847 1592 adnotationes
869 1528 1024 1608 quamam
1050 1531 1084 1595 in
1105 1531 1305 1614 conpluribus
1331 1531 1422 1597 souis

289 1625 370 1692 albis
392 1625 599 1710 adglutinatis
621 1629 719 1710 ipsius
740 1627 874 1714 Rigaltii
901 1649 997 1696 manu
1025 1631 1187 1716 eleganter
1215 1635 1421 1716 conscriptes.

288 1725 508 1794 Praemittitnr
529 1729 711 1812 inscriptio:
749 1729 865 1796 ‘Gerae
886 1733 931 1798 od
953 1732 1216 1801 Commodianum
1236 1735 1422 1814 munds&

289 1828 401 1894 deinde
422 1829 497 1896 baec
518 1836 709 1914 sequuntur:

473 1931 673 2000 ‘obseruatio
695 1936 739 2000 od
760 1936 864 2004 lmetr.
886 1937 944 2003 VI.

802 2061 861 2108 cur
881 2043 981 2108 ommis
1001 2041 1145 2110 oeceois

479 2139 604 2208 Fecistis
625 2143 795 2226 inservies?

376 2242 464 2310 Heio
479 2247 638 2328 pemmatio
662 2245 912 2314 Commodianus
934 2248 1092 2332 impressit
1113 2252 1258 2336 ocetipio’
1276 2254 1333 2320 etc.

292 2365 372 2434 Sunt
394 2367 471 2434 beec
492 2365 609 2452 eadem,
632 2386 712 2450 quae
733 2369 939 2436 Honricus
959 2371 1100 2438 Leonb.
1122 2371 1421 2440 Scburrileisch

292 2492 372 2541 anuo
389 2473 472 2541 1709
493 2473 527 2539 in
548 2473 773 2560 supplementis
795 2476 861 2541 suis
883 2473 970 2558 prelo
984 2477 1161 2545 mandauit
1190 2475 1239 2544 Gi.
1253 2475 1419 2561 Sitxuuge·

292 2578 432 2645 boriobte
452 2577 555 2645 XCVI
577 2600 608 2663 p.
630 2578 695 2646 466
718 2597 786 2663 sqq.

335 2682 375 2746 Iu
401 2682 591 2749 bibliotheca
619 2682 769 2748 nationali
791 2681 950 2759 Periaiua,
983 2687 1021 2749 ut
1049 2702 1144 2767 supra
1172 2684 1322 2764 diximus,
1355 2683 1420 2749 trie

293 2786 499 2853 inueniuntur
528 2787 701 2853 editionum
726 2785 981 2871 Rigaltieuarum
1010 2788 1214 2871 exemplaria,
1244 2788 1306 2854 duo
1334 2791 1421 2871 priu-

294 2890 383 2974 cipis,
405 2909 504 2955 uuum
525 2889 653 2955 elterim
676 2888 832 2955 editionis.
870 2888 913 2955 Ilt
932 2889 1070 2957 altorum
1094 2890 1240 2957 editionis
1268 2889 1420 2975 principis

294 2992 460 3075 exemplar,
483 2993 564 3075 quod
586 2992 632 3058 sic
654 2992 841 3077 insignitur:
858 2989 1053 3059 ‘quentaire
1079 3008 1101 3063 c
1122 2991 1206 3059 1640
1227 2990 1336 3060 0691
1357 2990 1420 3059 Ild-

294 3116 382 3163 serue
398 3098 444 3181 (in
458 3093 533 3182 4⁰)’‚
556 3098 679 3179 practer
700 3098 821 3163 textum
842 3096 928 3179 typis
949 3096 1141 3179 exscriptum
1161 3098 1419 3163 commentarium

296 3203 445 3279 continet,
468 3219 561 3283 quem
575 3200 736 3284 Rigaltius
750 3201 784 3267 in
805 3200 892 3267 loliis
912 3201 994 3267 albis
1017 3200 1187 3283 bibliopegi
1208 3218 1303 3284 opere
1322 3201 1420 3266 inter·

294 3305 383 3371 iectis
405 3306 597 3386 conscripsit,
621 3324 694 3370 cum
709 3304 879 3371 sditionem
894 3305 1029 3370 altenm
1043 3301 1188 3386 perabat.
1210 3304 1280 3369 lem
1293 3300 1420 3369 Allre-

297 3406 364 3472 dus
387 3406 577 3491 Schoene,
601 3407 656 3491 qui
678 3406 716 3471 de
738 3408 965 3490 exemplaribus
979 3404 1143 3485 Fericium,
1166 3423 1230 3487 que
1244 3410 1294 3471 esi
1308 3406 1421 3471 eximia

295 3510 498 3595 liberalitate,
527 3512 648 3593 primus
670 3529 721 3576 me
742 3513 858 3588 docuit,
883 3512 956 3577 ente
976 3511 1033 3577 hos
1054 3510 1124 3575 octo
1146 3527 1244 3575 annos
1265 3510 1421 3594 perspexit

295 3615 447 3698 scriptum
468 3615 560 3681 illum
582 3616 841 3681 commentarium
863 3632 936 3681 cum
957 3632 1004 3698 co,
1026 3630 1120 3696 quem
1141 3613 1227 3697 typis
1247 3613 1421 3697 inpressum

297 3719 394 3786 editio
415 3719 515 3786 altere
537 3720 684 3798 continet,
714 3720 780 3786 fers
802 3736 977 3803 congruere.

339 3822 427 3889 Idem
451 3822 648 3889 confirmauit
670 3824 868 3889 Antonius
889 3823 1016 3903 Kena,
1046 3822 1114 3905 qui,
1138 3820 1214 3887 dem
1235 3839 1317 3886 anno
1340 3820 1422 3887 1882

297 3927 426 3993 Parisiis
448 3929 603 4005 uersatur,
625 3930 735 4009 rogatu
757 3944 827 3991 mco
849 3928 1022 3993 eccmetiue
1043 3944 1113 3991 rem
1133 3924 1309 4010 iudegauit
1338 3925 1422 4006 Quae

296 4030 353 4096 ille
382 4032 452 4095 tum
480 4028 596 4095 litteris
625 4048 749 4097 mecum
778 4030 914 4113 benigne
943 4028 1192 4096 communicauit
1217 4027 1250 4093 ct
1273 4028 1422 4110 exemplis

297 4132 466 4201 luculentis
488 4133 654 4217 propositis
677 4134 913 4217 demonstrauit,
944 4152 981 4199 ea
1002 4132 1142 4200 breuiter
1163 4132 1308 4203 referem.

341 4235 443 4303 Notae
465 4235 665 4321 Rigaltianee
695 4236 824 4303 editioni
852 4236 986 4320 principi
1014 4238 1047 4303 in
1076 4236 1159 4302 loliis
1188 4235 1297 4301 uacuis
1327 4232 1422 4297 inter·

298 4343 387 4409 iectis
415 4340 606 4424 conscriptae
634 4341 917 4408 commentario
944 4340 1090 4406 editionis
1118 4340 1248 4406 alterius
1270 4336 1354 4421 typis
1376 4336 1422 4400 in·

1531 2360 1535 2610 l
