3109 5050
1213 478 1266 528 111

143 653 325 734 aequisque
353 651 436 716 idem
464 649 605 716 inuenire
633 651 772 734 potuisse
801 649 974 715 crediderit.
1011 649 1086 715 llius
1107 650 1186 734 legis
1208 667 1264 715 eu·

144 753 218 819 01110
240 754 351 820 multis
374 753 521 820 carminis
550 754 625 818 loeis
653 755 818 820 uerborum
847 752 1006 818 distinctio
1035 752 1146 817 melius
1173 770 1266 835 quem

144 861 235 922 anteo
257 857 382 922 institui
405 857 516 940 potuit.

187 959 330 1024 ceterum
353 979 414 1026 uno
436 961 512 1040 loco,
535 982 564 1027 u.
580 961 645 1028 565
662 957 752 1045 (561)
769 977 847 1041 sqq,
871 959 937 1040 ipse
960 957 1136 1027 Guilelmus
1160 959 1266 1042 Meyer

62 1059 66 1066 '
144 1062 402 1128 Commodianum
424 1065 527 1146 legem
549 1064 638 1128 illem
660 1065 831 1146 neglexisse
853 1061 1009 1137 concedit;
1032 1062 1087 1126 sed
1101 1061 1172 1127 aliie
1189 1080 1264 1144 que·

144 1183 204 1248 que
235 1166 311 1232 locis
343 1166 426 1230 idem
456 1167 581 1232 uidetur
611 1167 765 1242 00001000,
800 1165 887 1228 00101
909 1183 939 1230 0.
962 1165 1002 1230 15
1024 1183 1091 1247 sqq.
1115 1165 1177 1229 143
1198 1183 1266 1249 sqq.

143 1269 205 1336 341
223 1289 288 1353 sqq.
313 1269 373 1334 621
391 1289 457 1354 sqq.
481 1269 542 1335 657
559 1288 625 1354 sqq.
648 1269 711 1336 913
726 1287 792 1351 sqq.
814 1267 880 1333 930
896 1286 961 1350 sqq.

187 1373 274 1438 Idem
302 1373 352 1438 uir
382 1373 598 1450 doctissimus,
632 1377 797 1454 postquem
825 1371 973 1436 lectiones
993 1371 1266 1436 Mediomontenes

144 1495 217 1541 eum
238 1493 272 1540 eo
296 1476 539 1553 communicem,
563 1476 754 1541 cumulatam
776 1473 855 1537 mibi
877 1473 1001 1537 rettulit
1023 1475 1173 1557 gretiam,
1196 1490 1267 1539 oum

143 1582 343 1662 praetereas,
360 1597 436 1662 ques
453 1581 489 1644 in
500 1579 757 1644 commentatione
772 1577 829 1642 1110
842 1575 1012 1660 proposuit,
1036 1578 1267 1642 emendationes

144 1681 223 1747 alies
246 1701 365 1765 quoque
388 1700 448 1747 nen
470 1701 583 1764 paucas
606 1701 661 1762 per
682 1681 808 1745 litteras
831 1679 910 1744 mibi
933 1681 1155 1764 suppeditauit.

187 1992 291 2056 Pauca
312 1990 351 2054 de
373 1993 480 2054 nostre
502 1989 717 2070 qualicumque
739 2006 832 2071 00000
859 1988 999 2053 addenda
1022 1993 1105 2057 sunt.
1140 1989 1264 2055 Inuitus
1323 2006 1325 2009 ·

144 2113 211 2158 rem
233 2092 452 2158 difficillimam
474 2093 638 2175 adgressus
661 2109 746 2171 sum,
775 2094 960 2157 cunctanter
982 2095 1090 2157 cedens
1113 2092 1266 2172 benignae

143 2196 313 2260 amicorum
336 2194 555 2270 adhortationi,
578 2195 631 2276 qui
654 2195 735 2259 iuste
758 2194 870 2258 melius
893 2195 929 2260 de
951 2193 1072 2260 uiribus
1088 2195 1167 2260 meis
1182 2195 1264 2259 iudi·
1361 2232 1363 2235 -

144 2300 267 2363 cebant.
301 2298 338 2362 In
354 2298 419 2380 ipso
435 2300 540 2362 autem
556 2314 645 2382 qpere
660 2299 833 2362 identidem
855 2298 1024 2379 inopinatis
1046 2299 1265 2381 interpellatus

143 2400 376 2484 impedimentis
399 2419 478 2476 sum,
501 2405 624 2465 etcum
648 2402 773 2466 tandem
796 2403 879 2484 typis
902 2401 1034 2466 exscribi
1056 2401 1182 2466 libellus
1204 2401 1267 2466 iam

144 2508 273 2585 coeptus
303 2505 398 2583 esset,
432 2521 512 2569 nouo
541 2508 634 2587 atque
664 2504 816 2571 laboriose
847 2509 971 2588 0000010
994 2526 1121 2571 munere
1141 2505 1266 2590 publico
1297 2517 1300 2523 ’

144 2607 223 2671 mibi
245 2608 383 2695 iniuncto
405 2608 538 2690 negotiis
560 2609 688 2672 insuetis
711 2609 786 2673 adeo
809 2609 987 2688 distinebar,
1010 2608 1099 2674 utin
1123 2608 1266 2674 Comme-

144 2710 274 2774 dienum
295 2727 357 2773 non
380 2710 503 2773 tantum
527 2713 677 2793 quantum
699 2712 877 2794 requirebat
898 2730 987 2777 curae
1010 2712 1176 2793 inpendere
1197 2728 1267 2794 pos-

144 2834 210 2878 sem
227 2818 259 2877 01
274 2816 429 2895 postremo
445 2815 570 2880 differre
586 2815 753 2879 editionem
769 2834 901 2900 cogerer.
916 2814 1008 2880 Nunc
1022 2833 1094 2880 uero
1110 2815 1267 2880 mensibus

143 2917 264 3001 aliquot
293 2920 463 2984 interiectis
491 2922 559 2999 ipse
588 2918 625 2983 de
655 2919 813 2984 nonnullis
839 2920 903 2984 alia
923 2919 1017 3001 atque
1039 2920 1131 2983 00100
1152 2917 1268 2983 0001100

144 3021 233 3104 coepi
254 3025 285 3087 et
307 3024 505 3087 retractanda
527 3024 676 3103 quaedam
700 3040 819 3087 censeo.

190 3124 206 3189 I
229 3126 259 3203 6,
282 3126 313 3191 4.
337 3125 470 3209 8001000Δ
498 3124 626 3191 Versrm'
648 3128 811 3191 mutarem
835 3126 909 3211 <10>
933 3126 1082 3207 infantie
1100 3144 1163 3189 nera
1177 3126 1264 3207 capit

144 3248 271 3294 acuam.
321 3229 512 3311 Praepositio
542 3230 579 3293 tu
608 3248 795 3311 quamquem
831 3234 902 3312 post
930 3234 1103 3295 mutarum
1133 3233 1165 3295 et
1194 3236 1267 3296 aute

142 3330 303 3411 1001000110
325 3332 476 3397 facillime
497 3333 601 3413 potuit
624 3334 778 3409 excidere,
808 3337 930 3411 tamen,
961 3334 1108 3416 queniam
1134 3334 1267 3399 ablatiui

143 3434 214 3499 sine
236 3436 462 3518 praepositione
484 3457 557 3501 usus
580 3439 661 3520 apud
685 3436 940 3503 Commodianum
963 3438 1025 3503 late
1048 3435 1201 3521 0010131),
1229 3453 1269 3502 00

144 3538 207 3602 1000
229 3539 352 3621 quidem
374 3540 440 3605 loco
463 3538 777 3622 11011101000000010.

189 3640 279 3723 126,
306 3644 355 3706 11.
386 3642 565 3709 claudicare
597 3643 785 3709 sententiam
814 3644 876 3709 iem
900 3644 954 3710 diu
976 3644 1192 3710 intellexeram
1214 3644 1227 3725 (
1246 3643 1267 3707 f.

108 3813 118 3831 ,
143 3743 434 3827 Sitzungsbericbte
457 3744 540 3811 CVII
562 3766 592 3831 p.
616 3746 704 3825 756);
739 3765 822 3811 nunc
850 3749 989 3830 paenitet
1018 3767 1068 3812 me
1096 3766 1159 3812 nen
1182 3764 1267 3812 0000-

143 3848 246 3930 pisse,
269 3851 348 3931 quod
371 3850 444 3914 olim
468 3850 499 3939 10
522 3854 658 3915 mentem
681 3854 818 3926 0000001,
840 3837 931 3915 eodo
952 3869 1007 3934 000
1028 3851 1106 3916 aito.
1145 3850 1266 3932 (10000-
1294 3884 1297 3890 ·

143 3952 236 4016 ratur
266 3951 347 4016 enim
377 3952 496 4017 incerte
525 3953 608 4018 uitae
633 3954 789 4019 humanae
813 3953 950 4019 condicio
973 3973 1043 4019 curn
1066 3956 1267 4035 nauigatione

144 4055 357 4139 periculorum
386 4055 485 4135 plena.
530 4056 575 4121 De
598 4056 752 4122 adiectiuo
773 4058 878 4121 uitreo
901 4076 970 4122 cum
993 4057 1083 4121 ande
1105 4059 1269 4123 coniuncto

145 4160 188 4224 of.
212 4157 305 4241 Verg.
329 4160 407 4223 Aen.
431 4157 491 4222 VII
515 4158 586 4226 759.

147 4306 354 4319 Μ

196 4362 226 4428 ³¹)
244 4362 284 4419 Gi.
303 4360 382 4415 indic.
400 4360 539 4417 uerborum
559 4366 586 4417 et
603 4364 777 4419 locutionum.
