3109 5050
1230 473 1308 520 VIIII

182 645 311 708 modum
335 660 423 708 rarae
447 644 478 708 et
502 642 568 706 eins
591 642 675 708 modi
698 644 783 722 sunt,
806 662 827 706 u
865 642 1075 707 coniecturam
1097 642 1230 726 sapiant,
1253 663 1315 710 non

183 766 219 812 ex
243 746 413 829 archetypo
436 745 487 810 uel
509 745 572 809 alio
596 744 700 829 aliquo
723 744 809 810 fonte
831 730 959 811 haustae
982 764 1047 810 esec
1071 747 1245 812 uideantur.

226 847 354 913 Praeter
382 848 518 914 codicem
549 847 860 914 Cheltenhamensem
889 868 925 913 en
954 847 1196 914 instructionum
1226 851 1315 915 libris
1325 854 1389 898 ⁰0³⁶·
1405 856 1518 898 amissus

1347 910 1369 949 et
1382 907 1503 949 Leidensis.

183 971 256 1017 mss.
280 952 339 1016 soli
360 955 481 1017 restant
504 951 709 1018 Parisinus
734 952 824 1034 (bibl.
847 953 966 1017 nation.
991 971 1066 1020 mss.
1088 953 1144 1018 lat.
1167 974 1197 1017 n.
1216 953 1314 1036 8304)

182 1057 215 1121 et
235 1054 442 1119 Leidensis
464 1053 647 1139 (Vossianus
662 1055 696 1119 in
712 1059 824 1120 octauo
840 1075 871 1119 n.
887 1054 955 1138 49),
979 1057 1109 1139 uterque
1125 1056 1314 1134 chartaceus,

182 1161 313 1242 uterque
336 1158 460 1224 saeculo
483 1160 617 1244 septimo
640 1158 761 1224 decimo
786 1162 944 1238 exaratus,
973 1179 1104 1242 quorum
1126 1161 1230 1226 uarias
1253 1160 1315 1227 lec-

181 1263 282 1328 tiones
310 1263 343 1328 J.
365 1263 402 1326 B.
425 1261 540 1328 Pitra
570 1263 604 1326 in
632 1261 791 1346 spicilegii
813 1261 1196 1328 Solesmensisuolnmine
1218 1263 1264 1328 IV
1285 1285 1314 1346 p.

85 1413 89 1417 -
183 1365 365 1431 224—230
386 1367 505 1447 primda
528 1365 614 1448 prelo
637 1365 800 1429 mandauit
823 1367 854 1430 et
877 1365 1014 1429 multum
1037 1365 1138 1430 facere
1157 1366 1196 1430 ad
1212 1385 1316 1430 emen-

186 1468 303 1533 dandas
330 1469 553 1533 instructiones
579 1467 697 1532 docuit.
741 1467 828 1531 ldem
852 1471 918 1532 cod.
942 1467 1122 1534 Parisinnm
1145 1469 1252 1535 littera
1273 1469 1316 1553 B,

185 1569 368 1636 Leidensem
395 1571 506 1635 littera
527 1571 564 1641 Α
584 1570 759 1656 insigniuit.
797 1571 863 1635 Hos
891 1569 992 1636 denuo
1021 1576 1114 1654 atque
1144 1572 1316 1637 accuratius

184 1673 320 1755 inspexit
343 1673 375 1736 et
398 1673 561 1756 exscripsit
583 1673 772 1738 Ernestns
788 1673 963 1757 Ludwig,
989 1674 1043 1756 qui
1058 1675 1091 1739 in
1107 1674 1243 1739 editione
1258 1693 1315 1739 sna
1338 1695 1420 1738 oeae
1447 1696 1515 1737 aaa

183 1775 362 1841 Parisinum
383 1777 527 1858 inprimis
550 1779 662 1842 ducem
684 1781 809 1843 secutus
832 1777 890 1843 est.
929 1777 970 1840 hit
984 1780 1034 1842 est
1051 1777 1106 1842 ille
1121 1779 1215 1842 codex
1230 1778 1314 1842 haud
1399 1765 1424 1783 ²
1438 1747 1466 1792 B'

183 1877 273 1961 parui
295 1880 457 1956 momenti,
480 1897 672 1962 quamquam
687 1881 876 1946 anctoritate
891 1881 994 1944 minus
1011 1881 1095 1945 ualet
1110 1898 1205 1962 quam
1221 1879 1313 1945 Chel-

183 1981 403 2048 tonhamensis.
426 1982 521 2048 Hunc
544 2003 615 2048 eum
638 1984 874 2066 propinquitate
897 1984 1078 2065 contingere
1101 2002 1173 2049 cnm
1189 2005 1226 2048 en
1241 1983 1315 2049 aliis

184 2087 277 2152 rebus
300 2090 369 2152 tum
391 2089 463 2153 indo
486 2089 625 2171 apparet,
654 2089 734 2170 quod
757 2089 932 2170 permultae
954 2089 1105 2153 lectiones
1128 2091 1161 2153 in
1183 2092 1314 2171 utroque

183 2190 397 2270 inueniuntur,
422 2210 501 2273 quae
524 2191 732 2273 corruptelam
755 2210 830 2274 prae
844 2209 877 2255 se
893 2190 1003 2256 lerant.
1039 2194 1127 2258 Idem
1148 2197 1221 2278 quia
1242 2213 1313 2259 cum

184 2295 318 2360 editione
341 2294 521 2378 Rigaltiana
545 2297 650 2360 crebro
674 2294 842 2377 conspirat,
871 2296 903 2358 et
925 2295 1015 2361 Pitra
1038 2298 1069 2362 et
1090 2298 1223 2382 Ludwig
1244 2316 1315 2363 cen·

184 2399 316 2464 suerunt
337 2417 402 2462 esse
425 2417 497 2463 cunr
519 2399 731 2482 apographum
747 2400 827 2465 illud
842 2399 1105 2483 Sirmondianum,
1130 2420 1189 2484 quo
1205 2402 1316 2484 Rigal-

184 2501 248 2566 tius
276 2502 310 2567 in
341 2502 475 2568 editione
505 2521 563 2569 sua
592 2503 814 2570 conformanda
836 2524 870 2570 se
891 2524 985 2572 usum
1008 2525 1075 2571 osse
1098 2505 1166 2588 ipse
1188 2504 1316 2571 fatetur.

184 2606 230 2670 Ea
252 2606 357 2688 opinio
380 2626 451 2671 cnm
473 2608 537 2673 iam
559 2607 645 2689 prius
668 2606 747 2672 mihi
779 2606 885 2673 minus
915 2611 1102 2692 probaretur
1114 2609 1173 2693 1⁷),
1209 2615 1317 2692 postea

93 2732 95 2735 ⁴
185 2708 380 2791 argumentis
403 2711 479 2775 satis
502 2711 625 2793 magnis
648 2710 821 2777 ostendisse
844 2712 925 2777 mihi
949 2712 1054 2777 uideor
1076 2713 1212 2778 codicem
1228 2712 1317 2778 Pari·

185 2812 290 2877 sinum
319 2830 402 2877 non
433 2830 499 2877 esse
529 2812 633 2894 ipsum
663 2814 877 2895 apographum
907 2814 1065 2880 sirmondi
1081 2813 1130 2897 18).
1179 2815 1319 2895 Quorum

185 2917 442 2996 argumentorum
471 2916 573 2980 nescio
603 2936 643 2980 an
673 2917 898 2999 grauissimum
927 2918 989 2997 sit,
1020 2919 1102 3002 quod
1128 2918 1318 2984 acrostichon

185 3017 202 3081 Ι
228 3018 266 3082 18
297 3018 331 3083 in
357 3019 498 3083 Parisino
530 3019 634 3085 codice
663 3019 756 3085 initio
787 3023 938 3087 omissum
967 3025 1107 3087 extrema
1136 3022 1202 3087 eins
1230 3025 1319 3104 parte

185 3121 362 3205 Rigaltii
391 3122 520 3204 ipsius
547 3140 661 3187 manu
692 3122 834 3189 additum
864 3127 921 3190 est.
959 3125 1020 3207 Qui
1049 3127 1091 3205 si,
1126 3128 1162 3190 ut
1190 3126 1257 3208 ipse
1286 3128 1319 3191 in

185 3225 381 3307 praefatione
412 3225 506 3305 dicit,
549 3227 638 3291 uetus
669 3227 915 3293 instructionum
946 3230 1104 3312 exemplar
1133 3248 1196 3294 non
1225 3228 1318 3306 uidit,

186 3330 269 3394 unde
291 3328 394 3411 potuit
417 3329 497 3394 illud
514 3328 711 3394 acrostichon
727 3330 879 3412 supplere,
902 3329 964 3395 nisi
986 3350 1023 3395 en
1046 3351 1119 3396 uero
1141 3331 1318 3414 apographo

186 3428 428 3497 Sirmondiano?
1148 3489 1152 3498 .

228 3533 353 3617 Itaque,
379 3534 439 3599 nisi
463 3533 569 3614 fallor,
594 3535 639 3600 sic
663 3555 695 3601 se
718 3555 766 3601 res
788 3536 920 3603 habuit:
943 3538 1102 3621 Rigaltius
1125 3538 1318 3605 Sirmondia-

187 3655 264 3701 num
287 3639 443 3720 exemplar
465 3641 627 3721 acceptum
649 3641 751 3705 nescio
775 3641 826 3706 cui
855 3640 1094 3709 describendum
1125 3641 1221 3709 dedit.
1258 3642 1319 3706 Hic

186 3758 286 3805 nouus
317 3740 398 3805 liber
429 3761 466 3805 en
495 3741 712 3808 Sirmondiano
744 3744 917 3825 descriptus
940 3745 972 3813 B
994 3748 1098 3809 noster
1124 3748 1180 3809 est.
1219 3741 1317 3821 Quem

187 3843 263 3908 dum
287 3843 458 3925 perlustrat
474 3843 633 3925 Rigaltius
657 3848 689 3909 et
712 3863 784 3910 cnm
806 3848 983 3931 apographo
999 3846 1217 3913 Sirmondiano
1233 3865 1317 3912 com·

187 3949 286 4029 parat,
311 3964 383 4010 cum
399 3947 475 4013 alios
491 3947 612 4013 librarii
629 3966 747 4013 errores
764 3951 896 4015 correxit
915 3953 982 4016 tum
999 3951 1193 4017 acrostichon
1207 3951 1317 4015 XVlll

185 4049 273 4113 illins
296 4050 416 4114 incuria
438 4052 588 4115 omissum
612 4054 679 4131 ipse
702 4054 870 4135 suppleuit.

230 4236 259 4303 ll
279 4236 528 4305 Sitzungsberichte
546 4234 641 4290 XCVI.
652 4252 678 4306 p.
697 4238 749 4291 452
766 4254 806 4307 sq.
812 4256 820 4300 ;
842 4238 949 4293 Bisccer
966 4241 985 4293 f.
999 4240 1024 4295 d.
1039 4241 1126 4311 bayer,
1140 4242 1236 4311 Gymn.
1252 4242 1318 4297 XVI

181 4340 209 4392 p.
225 4323 285 4377 345.

232 4408 261 4478 ¹⁸)
282 4408 531 4478 Sitnungsberichte
549 4410 625 4465 CVII
643 4426 668 4480 p.
687 4411 737 4465 737
755 4428 795 4479 sq.
