3109 5050
475 1077 933 1192 PRAEFATIO.

308 1558 364 1628 Da
389 1557 654 1629 Commodiano
677 1557 835 1644 eiusque
858 1556 1100 1628 carminibus.

183 1677 432 1778 Commodianus
455 1713 509 1777 ubi
533 1713 625 1777 natus
648 1713 690 1777 sit
717 1714 768 1777 uel
798 1713 899 1778 uitam
918 1712 1039 1797 degerit
1062 1716 1093 1777 ct
1116 1729 1176 1794 qua
1198 1729 1271 1776 usus

134 1815 183 1882 sit
199 1817 334 1898 fortuna,
350 1837 461 1903 parum
477 1819 609 1884 constat.
644 1818 691 1882 De
707 1819 809 1884 aetate
825 1821 891 1884 eins
906 1818 1005 1883 maior
1021 1819 1068 1882 est
1084 1833 1268 1900 consensus3

137 1938 213 1985 nam
235 1922 311 2003 quin
334 1920 438 1986 media
467 1921 531 1986 fare
559 1921 648 2005 parte
677 1921 766 1986 tertii
789 1922 858 2004 post
880 1919 1041 1986 Christum
1064 1917 1178 1984 saeculi
1201 1936 1269 1983 car-

137 2023 227 2088 mina
249 2042 307 2089 sua
329 2027 535 2106 conposuerit‚
558 2043 619 2090 000
642 2025 705 2090 iam
730 2023 861 2090 dubium
883 2024 1009 2089 uidetur
1032 2041 1098 2088 esse
1113 2019 1147 2106 ¹).
1185 2022 1270 2102 Quae

137 2130 244 2192 autem
268 2128 405 2210 scripsit,
441 2146 477 2192 ea
500 2126 686 2192 Christianis
709 2127 837 2192 illorum
861 2131 1053 2210 temporum,
1089 2128 1116 2191 si
1137 2125 1222 2190 licet·
1235 2143 1270 2190 ex

134 2229 265 2295 silentio
299 2230 399 2296 facere
434 2230 659 2309 coniecturam,
683 2219 776 2294 ‘haud
808 2230 946 2295 multum
969 2228 1110 2294 arrisisse
1133 2232 1269 2311 apparet.

137 2333 246 2415 Neque
269 2334 300 2399 id
324 2334 455 2416 mirum3
478 2335 552 2398 lunc
575 2334 659 2398 enim
683 2332 733 2397 illi
755 2334 821 2398 iam
843 2337 1005 2399 assuerant
1027 2334 1151 2417 praeter
1166 2350 1271 2396 rernm

137 2437 304 2504 ueritatem
328 2436 480 2502 sermonis
496 2455 617 2519 quoque
633 2437 826 2529 elegantiam
842 2438 994 2521 spectare,
1018 2455 1112 2519 quam
1128 2435 1161 2500 in
1177 2434 1269 2500 Gom·

138 2541 284 2606 modiano
314 2559 375 2606 non
405 2540 549 2624 poterant
580 2558 642 2605 non
672 2541 857 2605 desiderare.
903 2541 1098 2619 Accedebat,
1133 2542 1214 2621 quod
1235 2540 1269 2604 10

137 2641 228 2710 libris
243 2644 309 2709 eius
326 2644 478 2725 quaedam
494 2644 704 2723 muniebant,
727 2660 806 2725 quae
822 2662 842 2708 a
856 2645 967 2725 regula
980 2642 1054 2708 fidei
1070 2641 1265 2708 Christianae

136 2745 349 2812 abhorrerent.
397 2745 511 2826 Quinto
535 2747 662 2812 demum
691 2748 816 2812 sacculo
839 2765 934 2830 eoque
956 2747 1087 2812 exeunte
1108 2746 1159 2811 bis
1181 2764 1269 2811 meu-

136 2849 256 2915 tionem
285 2851 372 2916 illius
403 2850 469 2915 fieri
497 2850 692 2933 conperimus
722 2868 740 2915 a
763 2850 889 2916 Gelasio
912 2868 991 2933 papa
1013 2854 1044 2914 et
1066 2868 1085 2914 0
1107 2848 1269 2917 Genuadio

136 2954 297 3036 scriptore.
326 2955 386 3019 Illo
409 2959 535 3020 auctore
558 2955 590 3018 in
617 2954 740 3021 ‘notitia
755 2955 910 3019 librorum
925 2973 987 3020 non
1002 2952 1269 3037 recipiendorum',

136 3058 175 3123 10
197 3060 310 3141 quibus
327 3057 429 3141 000110
444 3058 473 3123 V
489 3058 653 3123 relationis
669 3058 706 3122 de
723 3056 863 3124 conciliis
880 3076 898 3123 a
913 3055 1038 3123 Gelasio
1053 3075 1133 3140 papa
1150 3055 1268 3122 habitis

136 3160 259 3245 agitur,
294 3160 508 3227 Commodiani
543 3161 692 3244 opuscula
726 3160 957 3245 apocrypha
987 3160 1140 3225 uocantur
1174 3160 1268 3241 atque

137 3263 354 3346 inprobantur.
390 3263 452 3346 (Gi.
482 3263 600 3346 iligna,
631 3264 742 3345 patrol.
766 3284 825 3329 ser.
851 3264 908 3328 lat.
933 3267 1009 3328 tom.
1031 3262 1106 3327 LIX
1127 3280 1157 3344 p.
1182 3259 1269 3345 163.)

181 3365 360 3433 Gennadius
384 3371 491 3433 autem
515 3368 615 3449 capite
630 3364 689 3430 XV
705 3366 841 3449 catalogi
863 3366 1002 3432 uirorum
1025 3365 1210 3431 inlustrium
1232 3362 1269 3428 de

135 3468 362 3537 commodiane
386 3470 576 3537 haecdicit:
609 3467 865 3537 ‘Commodianus
888 3471 964 3535 dnm
992 3470 1076 3535 inter
1097 3468 1268 3541 saeculares

137 3573 260 3641 litteras
284 3573 381 3639 etiam
403 3574 526 3639 nostras
548 3573 644 3657 legit,
675 3574 868 3639 occasionem
891 3571 1013 3656 accepit
1035 3572 1117 3638 fidei.
1154 3573 1269 3637 Factus

139 3675 245 3757 itaqua
261 3673 457 3741 Christianus
474 3678 506 3741 et
521 3677 627 3743 uolens
643 3675 762 3759 aliquid
786 3676 960 3742 studiorum
983 3694 1109 3742 suorum
1133 3677 1269 3741 muneris

141 3822 347 3832 ——--

183 3880 201 3949 ¹)
219 3880 260 3935 Cf.
277 3879 387 3935 Haurici
404 3879 525 3935 Dodwall
549 3881 706 3937 dissertatio
730 3882 901 3937 miscellanea
919 3881 949 3937 11
971 3881 1001 3935 in
1018 3880 1163 3950 appendice
1181 3880 1269 3935 annal.

137 3964 269 4019 Velleian.
288 3965 329 4019 ed.
353 3965 434 4020 Oxou.
457 3967 619 4035 ann-169&
651 3967 780 4023 Guilelmi
800 3968 869 4023 Cave
890 3968 987 4023 histor.
1011 3967 1095 4023 litter.
1118 3982 1178 4021 aun.
1202 3965 1269 4019 1705

138 4068 163 4119 p.
181 4052 216 4106 88
234 4067 307 4121 sqq.;
334 4052 426 4106 Pitraa
444 4054 591 4123 prolegom.
609 4054 637 4108 in
655 4054 776 4124 spicileg.
797 4054 907 4111 Soleam.
925 4055 979 4107 nol.
998 4054 1012 4108 I
1030 4071 1056 4123 p.
1073 4052 1152 4115 XXI;
1179 4051 1269 4105 Adolfi

138 4137 221 4191 Ebart
230 4140 401 4193 commentat.
414 4137 446 4193 de
455 4140 640 4194 Commodiani
652 4156 732 4195 carm.
743 4142 848 4210 apolog.
862 4140 1086 4210 (abhandlungen
1097 4140 1143 4194 der
1157 4138 1269 4211 philol.-

138 4223 204 4278 bist.
223 4223 314 4279 Classe
337 4226 384 4279 der
403 4226 504 4281 saache.
521 4226 668 4281 Gesellscln.
687 4227 713 4281 d.
733 4226 895 4281 Wissensch.
915 4227 950 4295 V)
969 4244 995 4295 p.
1012 4226 1077 4293 4083
1099 4226 1229 4281 Zaitechr.
1247 4222 1269 4276 i.

139 4310 291 4363 wissensoh.
316 4310 407 4365 Theol.
426 4312 508 4367 XXII
531 4329 558 4381 p.
576 4313 628 4368 384
646 4330 703 4383 sqq.
727 4314 795 4377 3883
827 4313 900 4368 Gnil.
922 4312 1013 4383 Meyer
1039 4313 1068 4366 in
1096 4312 1267 4368 commentat.

139 4396 220 4451 Acad.
239 4412 295 4465 reg.
313 4397 415 4452 Monac.
433 4398 514 4454 XVII
532 4415 556 4467 0.
576 4400 627 4454 288
645 4415 682 4468 sq.

192 4498 250 4552 XV.
1150 4517 1166 4555 a
