3109 5050
1266 429 1308 475 XV

176 610 282 676 presso
316 611 504 677 quamquam
538 593 720 660 simillimae
753 595 844 672 sunt,
879 597 986 660 tamen
1020 594 1059 661 ab
1089 614 1124 662 eo
1153 597 1311 664 interdum

176 694 344 778 differunt,
378 696 415 761 ut
436 698 584 779 appareat
607 696 690 762 hune
712 713 774 762 non
797 717 834 763 en
864 697 940 782 ipsis
970 698 1036 763 illis
1065 697 1151 765 notis
1176 699 1310 784 fludsse,

176 801 232 865 sed
258 797 344 864 aliud
366 799 492 882 aliquod
514 800 729 866 intercessisse
751 799 905 884 seriptum
928 800 1093 885 exemplar,
1117 804 1198 884 qnod
1219 803 1310 886 typo·

176 901 283 968 thetae
312 902 531 985 sequebantur.
570 902 654 968 Aliis
684 903 763 970 loeis
794 903 1035 970 commentarius
1057 923 1152 970 manu
1174 905 1312 987 seriptus

176 1006 262 1091 typis
285 1006 425 1090 inpresso
446 1005 594 1089 prolixior
616 1009 675 1087 est,
700 1005 772 1073 aliis
796 1007 937 1082 breuior3
961 1007 1059 1074 nihilo
1082 1011 1189 1074 tamen
1211 1009 1311 1076 setius

178 1104 407 1192 uerbis'magis
430 1126 524 1193 quam
547 1110 638 1175 rebus
661 1109 744 1175 inter
766 1127 799 1175 se
822 1109 983 1175 differunt.

220 1212 258 1278 In
279 1214 389 1278 textu
408 1230 528 1296 qnoque
546 1213 730 1296 exemplaris
745 1212 833 1278 illius
848 1212 1008 1296 Rigaltius
1025 1213 1179 1297 quaedam
1193 1214 1312 1281 oalanno

177 1314 326 1381 mutauit.
364 1315 481 1380 darum
505 1315 716 1382 mutationum
738 1315 891 1381 maiorem
906 1317 1031 1398 partem
1045 1316 1203 1383 Antonius
1219 1317 1311 1384 Kunn

178 1420 213 1485 in
235 1419 366 1485 alterius
387 1419 533 1486 editionis
555 1423 680 1487 textum
702 1439 768 1486 esse
791 1422 950 1503 receptam
981 1421 1088 1499 dooet;
1123 1421 1209 1488 idem
1233 1438 1311 1487 non-

178 1523 282 1590 nullas
312 1522 449 1606 notauit,
484 1541 563 1605 quaa
589 1521 623 1588 in
655 1524 755 1590 altera
782 1523 920 1590 editione
949 1543 1011 1590 non
1039 1523 1205 1606 leguntur3
1239 1526 1314 1588 sunt

180 1630 289 1692 autem
305 1626 378 1692 hae:
401 1626 479 1709 114,
496 1624 517 1690 5
532 1625 672 1691 mitame
684 1625 725 1710 ⁹⁴)
748 1644 804 1709 pro
818 1627 952 1707 mitate;
973 1626 1049 1696 ibid.
1064 1647 1095 1693 ι.
1113 1628 1152 1694 11
1169 1630 1312 1710 mereunt

180 1729 288 1814 (siot);
311 1729 446 1807 1116,1
470 1726 553 1793 Sami
574 1746 631 1812 pro
654 1728 709 1808 Si;
737 1729 813 1795 ibid.
829 1749 859 1794 u.
875 1729 918 1795 24
939 1728 986 1794 m
1006 1748 1062 1813 pro
1083 1729 1189 1810 Eam·
1210 1729 1312 1807 1121,

180 1834 223 1900 10
252 1832 418 1898 Vinoimmo
439 1881 469 1898 ..
487 1832 542 1914 pai
570 1850 626 1916 pro
656 1831 845 1898 Vicimus..
864 1851 941 1914 pam
974 1832 1089 1912 1122,
1116 1833 1137 1897 3
1165 1832 1228 1898 illa
1257 1852 1311 1917 pro

178 1935 255 2017 mm
275 1937 352 2003 ibid.
367 1954 400 2000 n.
417 1934 438 2000 5
460 1934 544 2001 illod
558 1954 613 2019 pro
628 1935 742 2015 illam·
763 1953 794 2001 u.
812 1936 1004 2018 treferium
1023 1937 1070 2019 (in
1084 1937 1239 2021 margine)
1255 1949 1311 2020 pro

177 2040 330 2122 furorem.
346 2074 388 2086 -
410 2037 496 2104 Haeo
517 2038 551 2103 in
575 2039 801 2105 oommentario
824 2039 934 2112 oritioo
955 2058 1019 2106 non
1040 2040 1134 2107 debui
1156 2039 1311 2105 omittere.

223 2142 324 2208 Vtin
347 2142 518 2225 exemplari
540 2141 737 2208 Berolinensi
760 2140 892 2208 editioni
913 2142 1021 2221 alteri,
1045 2143 1092 2208 ita
1113 2142 1147 2208 iu
1168 2142 1313 2208 Parisino

181 2245 311 2313 editioni
333 2246 467 2329 principi
490 2245 609 2330 aliquot
632 2244 709 2312 folia
738 2263 839 2311 uaoua
862 2245 1030 2312 subiunota
1059 2249 1151 2329 sunt,
1181 2246 1215 2334 iu
1242 2245 1313 2327 qui-

179 2351 240 2417 bus
267 2349 425 2434 Rigaltius
455 2349 621 2432 ampliores
659 2351 812 2434 quasdam
841 2350 1060 2416 adnotationes
1088 2350 1121 2417 in
1150 2351 1312 2432 oonplnres

181 2455 427 2521 insinuationum
448 2453 533 2520 loeos
555 2454 748 2539 oonsoripsit.
780 2454 830 2521 Ibi
853 2456 979 2521 erebrae
995 2454 1201 2521 oorreotiones
1215 2455 1313 2538 ipsius

181 2558 312 2645 Rigaltii
334 2576 430 2624 manu
453 2557 556 2624 laetae
578 2557 759 2625 testimonio
781 2562 855 2624 eunt
877 2558 980 2642 illum,
1004 2578 1083 2642 qnae
1106 2578 1212 2625 seeum
1228 2577 1311 2625 oom-

181 2663 396 2738 montabatur,
427 2661 566 2745 primum
593 2662 669 2728 tune
695 2662 800 2729 uerbis
823 2662 1009 2745 oonoepisse.
1048 2662 1172 2728 Earum
1185 2663 1313 2727 adnota-

182 2769 305 2845 tionum
327 2767 419 2833 initia
441 2766 517 2832 haee
540 2766 631 2831 eunt:

546 2866 667 2935 ‘Obsem
689 2866 733 2933 mi
754 2867 854 2936 Imstr.
887 2868 942 2933 VI.

185 2972 276 3039 CVR
295 2970 452 3039 ANNIS
469 2970 714 3039 DVCENTIS
734 2969 980 3036 INFANTES
996 2966 1205 3055 FVISTIS]
1227 2968 1314 3033 Haio

175 3076 337 3160 poematio
361 3074 610 3143 Commodianus
630 3073 791 3155 impressit
813 3070 963 3156 aestipia'
989 3074 1047 3137 ete.
1072 3110 1114 3120 -
1142 3070 1313 3135 Finiuntur

182 3183 290 3246 autem
312 3179 385 3245 illae
406 3178 490 3243 huno
511 3178 544 3242 in
567 3178 709 3242 modum:
728 3174 905 3258 ‘Supremo
919 3174 969 3241 lea
987 3173 1090 3241 Goeao
1106 3178 1214 3239 metro
1235 3172 1312 3254 fait,

183 3280 298 3347 Nullis
320 3280 501 3347 termimum
524 3280 642 3363 lapibus
664 3278 809 3363 oblipmi.
843 3275 1004 3345 Ceteram?

226 3383 314 3449 Haeo
334 3402 428 3466 prope
450 3383 489 3449 ad
511 3382 643 3449 uerbum
665 3384 862 3448 consentiunt
889 3399 960 3447 oum
990 3380 1049 3464 eis,
1084 3398 1161 3463 qnae
1190 3380 1224 3444 in
1254 3380 1314 3445 fine

184 3486 372 3571 exemplaris
394 3484 615 3568 Benolinansis‚
637 3489 672 3551 ut
695 3503 792 3567 supra
812 3484 858 3570 (p.
873 3484 985 3565 XIIII)
1010 3483 1156 3563 diximus,
1179 3483 1315 3567 eleganti

184 3592 359 3675 seripturae
381 3590 482 3656 forma
504 3589 543 3655 ab
567 3591 674 3655 eodem
696 3589 836 3672 Rigaltio
859 3591 988 3653 exarata
1009 3591 1092 3652 sunt.

227 3696 377 3761 Extrema
399 3694 582 3776 exemplaris
598 3692 732 3758 Parisini
747 3696 837 3776 parte
859 3693 986 3773 insuper
1009 3692 1156 3756 adiunota
1177 3693 1227 3755 est
1248 3692 1313 3773 epi·

183 3799 270 3866 stula
303 3798 435 3882 Rigaltii
461 3797 694 3881 Franoogallioo
723 3814 864 3861 sermone
892 3798 930 3861 ad
959 3794 1158 3861 sirmondum
1186 3796 1313 3878 scripta,

183 3922 279 3987 quern
302 3900 577 3978 Vollmooller‚
606 3901 656 3965 uir
678 3904 710 3965 et
731 3900 928 3965 humanitate
951 3904 982 3964 et
1005 3899 1148 3964 doctrina
1170 3899 1314 3983 insignis,

183 4006 266 4071 milri
289 4005 463 4087 descripsit.
502 4003 548 4069 Cf.
572 4003 859 4087 Sitnungsberiohte
881 4002 983 4068 xcvi
1005 4022 1035 4086 p.
1059 4002 1119 4067 471
1145 4021 1211 4085 sqq.

230 4108 373 4175 Tertium
396 4110 498 4175 editae
520 4108 740 4174 instructiones
765 4109 840 4173 sunt
863 4125 942 4171 anno
965 4105 1093 4171 Domini
1110 4106 1202 4171 1666.
1228 4106 1315 4170 Tune
1351 4116 1447 4210 aanor

185 4213 273 4279 enim
294 4212 423 4277 Parisiis
447 4212 625 4297 sumptibus
647 4212 774 4277 Ioannis
797 4210 847 4275 Du
862 4210 937 4276 Puis
960 4208 1109 4292 Cypriani
1132 4227 1224 4292 opera
1244 4213 1314 4290 post

229 4366 260 4434 ²³)
280 4364 355 4419 Idem
373 4366 509 4434 Rigaltius
526 4365 626 4435 repetit
642 4364 671 4418 in
689 4363 883 4433 supplementis
904 4362 946 4432 (ot.
964 4362 1046 4417 indie.
1064 4361 1212 4431 aiplorum).

1391 4117 1504 4221 (αὖθ’
