3109 5050
1252 527 1285 573 11

153 680 224 747 tio.
258 680 376 746 Eadem
405 685 487 748 certe
518 684 551 748 in
582 685 683 752 codice
705 685 979 756 Cheltenhamensi
1009 692 1184 774 inuenitur,
1214 714 1285 761 cum

114 781 116 784 ’
155 784 245 850 codd.
267 784 336 855 BA
358 784 457 852 solam
479 787 644 853 lectionem
667 791 886 856 monstricorc
909 792 1056 860 habeant.

199 885 249 952 Ad
272 887 347 953 haec
370 889 429 954 duo
453 892 595 973 exempla
617 892 699 958 inter
720 912 753 958 se
780 894 899 961 similia
923 899 1055 962 tertium
1080 900 1212 966 accedit.
1249 901 1287 966 In

154 993 287 1056 alterum
304 990 442 1057 eiusdem
456 993 623 1059 acrostichi
639 1014 766 1061 uersum
781 999 942 1080 Rigaltius
959 1000 1099 1086 adnotat,
1116 1021 1172 1084 pro
1189 1003 1287 1068 Nunc

154 1114 227 1179 erpo
242 1098 334 1174 retro,
358 1096 439 1179 quod
454 1097 521 1180 ipse
536 1097 569 1163 in
585 1100 706 1164 textum
722 1102 849 1185 recepit,
867 1101 901 1167 ‘a
919 1104 1159 1186 quibusdam'
1177 1106 1288 1172 confici

154 1199 343 1281 scripturam
370 1197 484 1264 ‘Nurac
506 1219 577 1284 erpo
599 1199 727 1266 reticeo?
767 1204 865 1286 Atqui
894 1205 974 1271 hanc
1001 1208 1166 1274 lectionem
1187 1209 1287 1275 altera

154 1319 267 1368 manus
291 1301 406 1368 codicis
428 1300 717 1371 Cheltenhamensis
740 1309 888 1391 praebet,
922 1327 1001 1392 quae
1030 1311 1150 1393 primae
1177 1330 1288 1378 manus

154 1405 341 1489 scripturam
363 1405 466 1470 rerico
488 1408 534 1471 ita
556 1410 687 1474 correxit
708 1411 745 1474 ut
768 1411 812 1475 sit
834 1411 954 1487 reticem
978 1432 1050 1478 cunr
1066 1415 1099 1479 in
1115 1416 1204 1481 codd.
1219 1416 1288 1486 BA

154 1528 218 1578 una
233 1509 402 1593 eademque
418 1509 513 1576 lectio
535 1514 639 1578 rocco
660 1511 849 1590 inueniatur,
872 1517 955 1581 unde
970 1516 1048 1581 satis
1064 1523 1193 1601 apparet
1209 1518 1289 1583 illud

154 1607 185 1678 ‘a
208 1612 451 1695 quibusdam'
474 1631 536 1678 non
560 1613 599 1680 cd
622 1615 732 1681 horum
755 1615 898 1683 codicum
920 1619 1054 1684 alterum
1081 1622 1204 1698 utrum,
1235 1621 1289 1686 sed

155 1716 195 1780 ad
218 1716 316 1780 alium
338 1715 475 1798 aliquem
498 1717 617 1782 fontem
639 1719 805 1800 pertinere.

200 1820 261 1884 Ter
282 1819 381 1902 igitur
404 1819 437 1883 in
453 1838 513 1884 uno
528 1821 697 1904 eodemque
713 1825 850 1888 carmine
866 1824 1033 1906 perexiguo
1048 1825 1182 1909 uestigia
1198 1826 1288 1892 nobis

155 1924 333 2002 occurrunt,
358 1923 471 2007 quibus
488 1927 651 1992 monemur
668 1925 816 2009 Rigaltio,
840 1944 912 1992 eum
934 1928 1155 1994 instructiones
1170 1931 1288 2010 ederet,

155 2025 195 2090 ad
219 2025 338 2092 fontem
361 2027 514 2109 quendam
537 2029 676 2110 patuisse
700 2029 832 2109 aditum,
856 2028 993 2110 quinon
1017 2030 1079 2095 fuit
1101 2031 1133 2101 B
1158 2030 1222 2110 (uel
1238 2032 1284 2110 A)

155 2131 188 2194 et
211 2129 324 2195 similis
347 2130 409 2195 fnit
432 2131 531 2196 codici
554 2131 840 2197 Cheitenhamensi.

117 2255 121 2266 ·
198 2233 293 2298 Hunc
323 2235 429 2299 eutem
459 2234 578 2301 fontem
608 2253 701 2317 quem
722 2235 820 2300 alium
843 2236 942 2301 fuisse
965 2235 1104 2302 dicamus
1128 2237 1188 2302 nisi
1211 2256 1288 2318 apo-

154 2334 310 2422 graphum
332 2336 607 2403 sirmondianum?
643 2339 711 2403 Hoc
733 2339 907 2424 RigaltinS,
939 2358 1130 2423 quamquam
1152 2341 1288 2423 plerum-

155 2456 215 2520 que
235 2439 380 2504 Parisino
408 2443 512 2505 nostro
538 2441 597 2525 (B)
628 2443 792 2520 utebatur,
827 2441 985 2507 interdum
1016 2444 1138 2520 temen,
1172 2442 1228 2508 ubi
1257 2445 1290 2508 in

154 2542 233 2608 locis
248 2543 481 2611 difficilioribus
498 2545 656 2624 haerebat,
681 2546 807 2611 uidetur
823 2545 1014 2612 consuluisse
1028 2546 1135 2629 ibique
1151 2548 1185 2612 in
1200 2549 1289 2612 textu

155 2646 212 2709 aut
240 2646 442 2713 interlineas
465 2652 519 2713 aut
542 2650 571 2713 in
596 2648 736 2731 margine
752 2646 792 2733 19)
817 2650 967 2714 lectiones
996 2652 1180 2732 repperisse,
1212 2667 1290 2731 quae

154 2748 190 2813 in
220 2752 286 2814 cod.
316 2751 347 2822 B
378 2754 518 2820 deerant.
556 2752 649 2818 Hunc
681 2753 765 2818 enim
796 2755 934 2819 codicem
965 2753 1063 2819 fontis
1094 2754 1289 2835 antiquioriS,

155 2854 344 2936 quicumque
373 2855 452 2935 fnit,
486 2875 548 2921 non
577 2856 720 2921 accurate
750 2857 999 2939 repraesentasse
1029 2857 1197 2939 imaginem
1228 2857 1291 2920 iam

155 2956 233 3021 inde
255 2959 459 3043 perspicitur,
484 2960 567 3042 quod
590 2958 711 3041 inipso
735 2959 839 3024 codice
862 2960 894 3031 B
917 2961 949 3024 et
970 2963 1074 3025 totum
1095 2958 1291 3025 acrostichon

155 3058 172 3123 1
188 3060 237 3141 18,
248 3063 285 3124 ut
296 3080 389 3143 supra
401 3063 442 3145 (p.
450 3060 560 3145 VIIII)
575 3063 869 3141 demonstrauimus,
882 3063 915 3126 et
928 3062 1159 3145 capitulationis
1171 3058 1288 3144 pars⁹⁰)

156 3164 268 3229 omissa
285 3166 382 3230 erant.
413 3164 500 3246 Quae
516 3184 564 3230 res
580 3166 607 3229 si
623 3165 669 3229 ita
685 3184 718 3230 se
735 3165 856 3244 habuit,
879 3183 941 3229 non
956 3167 1018 3230 iam
1034 3166 1081 3229 est
1097 3165 1178 3246 quod
1194 3164 1289 3228 mire-

156 3284 228 3331 mur
250 3269 317 3331 tam
341 3269 457 3333 multas
479 3268 639 3351 lectiones,
663 3286 742 3349 quae
762 3270 875 3333 desunt
898 3267 931 3331 in
953 3268 1040 3332 codd.
1055 3266 1134 3347 BA,
1157 3266 1287 3338 editioni

155 3370 291 3451 principi
320 3390 392 3435 cum
423 3373 527 3437 codice
551 3370 825 3437 Chelteuhamensi
849 3388 1029 3435 communes
1052 3368 1185 3454 esse²¹).
1223 3370 1290 3435 Has

200 3522 231 3590 ²⁹)
250 3523 283 3579 In
301 3524 454 3593 apographo
474 3524 608 3579 Sirmondi
627 3525 732 3591 praeter
748 3524 865 3591 primam
887 3523 971 3576 etiam
993 3523 1107 3577 alteram
1123 3537 1233 3577 menum
1251 3523 1292 3574 in-

155 3608 263 3663 terdum
285 3609 368 3665 inisse
395 3611 564 3679 conspicuam
587 3608 650 3664 inde
673 3612 796 3679 apparet,
824 3607 895 3677 quod
918 3608 1056 3677 Rigaltins
1078 3609 1108 3661 in
1131 3624 1239 3662 uersum
1259 3608 1292 3661 15

155 3696 298 3750 acrostichi
316 3698 350 3750 53
375 3696 473 3767 (1112)
498 3697 562 3751 haec
584 3695 710 3749 adnotat:
740 3688 781 3748 ‘in
808 3694 1001 3763 apographo
1028 3696 1158 3764 scriptum
1188 3694 1293 3748 fuerat:

156 3780 201 3835 Tu
223 3782 274 3835 tibi
295 3788 438 3851 praetereo
462 3784 494 3837 tn
516 3782 623 3838 delictis
636 3796 751 3849 parcere
769 3781 836 3835 uoti.
871 3780 945 3847 Quae
964 3781 1096 3849 scriptura
1112 3780 1178 3834 ferri
1196 3781 1224 3833 et
1241 3796 1283 3834 ex-

155 3870 251 3939 plicari
269 3872 369 3939 posset,
398 3869 467 3924 nisi
490 3886 549 3924 nos
571 3869 769 3923 admoneret
787 3869 829 3933 is,
857 3868 914 3936 qui
931 3867 1167 3937 {apographum
1184 3882 1293 3930 recen,

156 3958 242 4025 suit,
269 3960 426 4011 ueterem
451 3971 583 4009 manum
610 3956 718 4009 fuisse
744 3954 782 4007 icc
806 3953 957 4007 Botion!
975 3984 1007 3993 -
1025 3953 1083 4007 Hoc
1109 3955 1197 4022 igitur
1223 3954 1294 4006 certe

156 4049 212 4101 loco
230 4045 317 4116 primia
335 4060 416 4099 mann
439 4044 470 4097 a'n
494 4042 612 4107 delimo,
641 4042 727 4096 altera
749 4042 782 4094 tac
801 4040 906 4094 Botion
929 4041 1059 4109 scriptum
1078 4040 1146 4107 fuit,
1174 4043 1204 4093 at
1221 4040 1249 4093 in
1267 4041 1294 4096 B

703 4129 727 4167 o'n
742 4124 819 4167 delicte

156 4187 274 4254 itemque
297 4184 327 4237 in
345 4183 374 4239 A
396 4181 462 4236 haec
484 4180 676 4235 inueniuntur:
701 4178 733 4249 ire
750 4178 833 4232 dictio
856 4194 938 4247 eaque
962 4176 1054 4231 omnia
1075 4193 1129 4230 una
1151 4177 1294 4245 eademque

161 4288 240 4326 manu
259 4271 376 4325 exarata.

198 4358 229 4427 ²³)
248 4355 497 4425 Sitaungsberichte
515 4353 591 4409 CVII
609 4370 634 4422 p.
654 4353 712 4409 719.

201 4445 231 4513 ²¹)
252 4442 325 4500 Ibid.
343 4459 369 4511 p.
388 4441 438 4495 738
457 4456 496 4509 sq.
