3109 5050
276 481 342 528 VIII

276 648 416 734 Pignorii
431 647 598 730 Patauini’,
623 666 684 714 non
706 648 770 714 iam
793 604 906 713 exstat
928 646 974 714 cf.
990 647 1110 714 unet
1126 646 1236 714 Ludw.
1257 649 1292 714 in
1317 668 1410 732 prae·

275 753 332 820 iat.
352 754 391 818 ad
414 753 557 818 instruct.
579 771 609 834 p.
633 751 688 816 XI.

64 875 117 916 css.
131 874 262 915 uenonon-
317 856 356 920 In
378 856 439 921 hac
461 855 551 920 tanta
572 853 709 919 latorum
731 853 900 936 iniquitate
923 855 981 932 eat,
1008 872 1063 919 cur
1085 854 1175 920 nobis
1196 857 1410 938 gratulemur,

63 924 358 1042 ffln'fflssquod
380 958 473 1024 codex
487 957 758 1024 llediomontanus
776 958 1067 1042 (Middlehillensis)
1085 963 1221 1024 aetatem
1242 959 1329 1040 tulit,
1353 961 1411 1043 qni

277 1064 310 1128 in
325 1063 464 1142 catalogo
480 1061 611 1126 Haoneli
634 1063 677 1143 (p.
695 1061 774 1144 861)
796 1063 829 1126 in
851 1062 940 1128 libris
955 1061 1217 1128 Meermannianis
1231 1063 1276 1127 sic
1291 1062 1411 1128 descri-

277 1165 380 1230 bitur:
398 1162 625 1230 ‘Commodiani
648 1164 873 1230 instructiones
896 1183 953 1247 per
974 1166 1098 1231 litteras
1120 1184 1266 1230 uersuum
1288 1169 1411 1248 primas

277 1288 331 1335 sou
349 1268 499 1352 uersibus,
523 1268 576 1349 qui
593 1268 739 1334 dicuntur
763 1269 993 1346 acrostichides‚
1016 1289 1089 1335 eum
1111 1269 1299 1353 quibusdam
1320 1269 1411 1334 aeni·

277 1372 444 1456 gmatibus,
467 1389 546 1437 saec.
568 1371 625 1451 XI,
648 1369 921 1437 membranaceus?

320 1474 413 1539 Hunc
428 1493 499 1540 cum
514 1476 661 1539 uniuersa
675 1473 866 1541 bibliotheca
878 1474 1135 1540 Mediomontana
1146 1473 1408 1540 Cheltenhamnm

278 1578 467 1643 translatum
490 1577 683 1641 Ernestus
705 1577 881 1659 Lndwig,
905 1577 1087 1659 prinsquam
1103 1578 1243 1670 carmina
1259 1573 1409 1641 Commo-

278 1680 363 1746 diani
386 1680 498 1760 ederet,
521 1680 555 1744 iu
570 1697 660 1746 usum
675 1699 767 1746 suum
783 1683 962 1746 conuertere
983 1685 1112 1745 conatus
1134 1681 1200 1756 est;
1222 1679 1278 1745 sed
1300 1697 1408 1760 sump-

279 1783 381 1862 tibus,
415 1785 468 1867 qni
491 1802 546 1865 pro
575 1784 668 1849 uenia
695 1783 850 1849 librorum
880 1783 1214 1850 (lbeltenhamensium
1240 1782 1409 1865 inspicien-

278 1890 388 1954 dorum
409 1887 492 1972 erigi
514 1888 630 1963 solent,
665 1887 833 1952 deterritus
862 1886 987 1970 incepto
1015 1888 1149 1953 destitit.
1187 1885 1254 1966 Quo
1287 1885 1409 1950 facturn

278 1992 336 2068 est,
357 1994 395 2056 nt
410 1992 503 2058 editio
520 1993 585 2058 eius
600 1994 725 2075 propter
747 1993 865 2056 ceteras
887 1991 1022 2056 uirtutes
1045 1991 1217 2057 admodum
1238 1987 1410 2055 laudabilis

279 2096 407 2160 certiore
431 2099 535 2161 tamen
558 2096 661 2160 tentus
683 2094 901 2160 conformandi
922 2094 1129 2160 fundamento
1151 2096 1265 2160 careat.

321 2196 496 2281 insignitus
519 2202 568 2263 est
590 2198 682 2263 codex
705 2198 760 2262 ille
783 2198 866 2262 hunc
889 2198 923 2262 iu
945 2198 1089 2263 modum:
1107 2195 1189 2262 ‘cod
1213 2197 1408 2262 Mediomon·

276 2301 371 2366 tanus
388 2299 471 2366 1825
487 2299 772 2381 (Meermannianus
788 2300 889 2380 708)’.
918 2299 1027 2365 Prima
1041 2300 1155 2384 uiginti
1170 2303 1318 2382 quattuor
1333 2297 1412 2363 folia

278 2402 440 2470 continent
473 2401 686 2469 Commodiani
720 2403 963 2480 instructiones;
998 2423 1019 2468 a
1050 2404 1125 2469 solio
1158 2403 1202 2468 25
1235 2403 1410 2486 sequnntur

278 2506 462 2574 tetrasticha
483 2505 648 2573 enchiridii
669 2506 886 2583 Prudentiani,
909 2526 1041 2591 quorum
1063 2507 1202 2592 primum
1225 2505 1409 2573 inscribitur

279 2610 394 2700 ‘Adam
410 2612 443 2676 et
458 2607 541 2677 Eua?
577 2609 663 2676 Haec
678 2610 876 2693 excipiuntur
897 2613 1081 2696 aenigmatis
1103 2612 1266 2695 sexaginta
1279 2611 1409 2695 dnobus,

278 2733 410 2798 quorum
432 2714 618 2779 Haenolium
641 2717 673 2779 in
695 2715 838 2800 catalogo
866 2717 1061 2782 mentionem
1088 2714 1190 2781 iacere
1218 2732 1313 2797 snpra
1342 2730 1408 2777 me-

279 2819 470 2885 morauimns
484 2817 536 2899 15).

323 2922 486 2988 Accedunt
509 2922 620 2987 deinde
642 2922 676 2987 in
697 2922 808 2987 eodem
829 2921 932 2988 codiee
954 2923 1018 2989 alia
1038 2922 1202 3006 quasdam,
1226 2939 1303 3005 qnae
1326 2939 1410 2985 com·

282 3044 452 3091 memorare
473 3025 604 3107 longum
626 3030 684 3089 est.

324 3130 384 3196 Hic
414 3129 508 3195 codex
537 3131 570 3193 in
598 3127 856 3194 instructionibus
879 3126 1094 3193 Commodiani
1117 3131 1152 3193 ut
1177 3126 1295 3193 multas
1319 3125 1411 3191 affert

280 3234 426 3299 lectiones
442 3234 496 3309 eis,
519 3251 598 3316 quae
620 3232 652 3296 in
674 3232 824 3297 editiones
845 3236 988 3314 receptae
1009 3232 1093 3316 sunt,
1108 3228 1410 3313 praestantiores¹⁶)‚

281 3336 327 3400 ita
348 3336 491 3417 plurimis
514 3339 544 3400 et
567 3336 756 3401 foedissimis
785 3337 885 3400 scatet
913 3334 1044 3399 mendis.
1085 3332 1167 3398 Nam
1195 3334 1408 3418 praeterquam

284 3441 363 3520 quod
386 3438 585 3503 librariorum
607 3437 726 3503 incuria
749 3438 801 3502 uel
829 3438 958 3502 inscitia
989 3437 1109 3501 lactum
1136 3440 1197 3515 est,
1229 3439 1265 3502 ut
1292 3434 1411 3517 saepis·

283 3540 362 3607 sime
384 3542 481 3606 uerba
502 3542 557 3606 aut
578 3540 668 3605 miris
691 3541 794 3605 modis
817 3540 1064 3605 deformarentur
1086 3544 1142 3605 aut
1164 3540 1291 3605 omnino
1316 3538 1411 3606 ornit-

283 3643 437 3721 terantur,
471 3662 509 3708 ne
537 3644 814 3725 interpolationem
844 3644 970 3726 quidem
1001 3646 1113 3710 desunt
1142 3643 1297 3728 exempla,
1331 3640 1411 3724 quod
1545 3697 1546 3702 ,

284 3746 514 3830 depredationis
537 3764 636 3831 genus
659 3746 808 3811 facillime
831 3748 1036 3830 cognoscitur,
1059 3746 1113 3814 ubi
1128 3748 1295 3813 uerborum
1311 3744 1413 3810 abun-

285 3852 391 3916 dantia
418 3850 538 3915 iustum
566 3849 695 3913 modum
723 3867 829 3914 uersus
852 3849 973 3915 excedit
996 3848 1082 3914 uelut
1104 3848 1136 3911 ll
1161 3848 1212 3927 14,
1234 3849 1272 3932 43
1301 3850 1353 3931 21,
1376 3848 1413 3928 ις

284 3954 411 4033 32,10.

328 4056 521 4138 Scripturam
550 4054 684 4139 primam
699 4046 830 4119 ¹codicis
861 4060 917 4121 aut
948 4056 1056 4121 eadem
1082 4074 1193 4121 manns
1228 4057 1284 4120 ant
1316 4056 1415 4120 altera

284 4160 442 4225 interdum
459 4161 598 4224 correxit.
631 4159 772 4224 Alterius
795 4162 900 4224 autem
922 4178 1034 4225 manus
1057 4158 1288 4225 emendationes
1310 4160 1341 4223 et
1357 4158 1412 4223 ad-

329 4331 357 4397 ¹⁶)
377 4332 416 4384 Dc
434 4330 532 4385 eisdem
551 4329 608 4397 egit
626 4327 716 4383 (lull.
733 4328 847 4399 Meyer
865 4329 884 4382 l.
902 4345 925 4383 c.
943 4345 969 4397 p.
985 4330 1045 4383 413.

329 4417 357 4485 ιο)
377 4417 418 4471 (li.
437 4414 685 4485 Sitnnngeberiehte
703 4414 780 4471 GVH
798 4432 824 4483 p.
843 4416 895 4470 742
912 4431 969 4484 sqq.
