3109 5050
1262 467 1315 517 VH

228 636 374 703 Catonum
390 632 607 700 Commodiani
630 634 834 717 profanarum
855 635 1034 702 litterarum
1056 638 1161 704 studia
1183 657 1244 705 non
1262 637 1317 719 ois,

182 758 262 824 qnos
285 738 545 816 memorabimus,
579 737 786 820 scriptoribus
808 758 841 804 sc
864 738 1093 806 continuarunt.
1139 739 1318 809 Ciceronem

183 861 323 928 quoquo,
358 840 517 924 Cnidium,
541 839 719 922 Tibullum,
751 841 830 907 alios
857 841 1018 908 interdum
1040 843 1164 910 uidotur
1190 846 1316 913 socutus

182 965 268 1026 csss;
292 963 348 1030 ogo
363 963 436 1010 nano
452 962 523 1009 cum
539 943 573 1009 ot
587 945 735 1028 temporis
752 945 907 1027 angustiis
921 945 955 1010 at
968 947 1084 1012 uirium
1104 949 1318 1016 mediocritate

183 1049 347 1132 impodicr,
371 1047 443 1114 aliis
465 1066 532 1112 rom
555 1046 729 1112 accuratius
752 1048 947 1114 tractandam
971 1050 1127 1133 rolinqo03
1159 1051 1212 1134 qui
1235 1054 1262 1118 si
1284 1055 1318 1119 in

181 1151 398 1219 Commodiani
420 1149 611 1217 carminibus
634 1169 726 1216 suum
749 1151 860 1234 cuique
882 1153 1012 1218 roddaro
1027 1154 1232 1239 conabuntur,
1256 1176 1317 1222 non

183 1256 286 1322 multo
309 1255 471 1338 angustior
495 1254 538 1318 sis
561 1272 691 1337 campus
713 1255 836 1338 potabit
864 1274 959 1340 quam
985 1256 1019 1320 in
1042 1257 1209 1324 Ammiano
1231 1261 1318 1327 Mar·

181 1359 311 1425 collino.

448 1530 504 1600 Do
528 1528 723 1602 codicibus
745 1529 1052 1606 instructionum.

226 1666 445 1750 Balnnio¹⁸)
468 1665 496 1730 si
518 1663 596 1731 fidos
624 1666 765 1734 habondc
793 1669 855 1752 ast,
888 1669 1052 1736 Iacobus
1086 1670 1530 1783 Sirmondnscgfflffl·

180 1772 411 1857 apographum,
446 1787 505 1853 qno
539 1767 586 1833 Ri
593 1770 748 1856 galbius
781 1775 890 1853 postca
922 1792 997 1839 usus
1027 1776 1089 1853 ast,
1127 1794 1164 1841 an
1191 1780 1315 1842 uetusm
1507 1763 1514 1775 ’

182 1876 286 1942 codice
309 1875 525 1943 Andecauonsi
547 1877 616 1959 ipso
639 1875 854 1958 descripserat.
891 1874 984 1942 Hunc
1006 1877 1145 1942 codicem
1167 1898 1229 1943 non
1250 1881 1315 1945 iam

181 1995 359 2061 comparare
387 1980 579 2044 Errastus
607 1977 781 2060 Ludwig,
811 1979 999 2044 nouissimos
1022 1979 1168 2046 editionis
1197 1984 1314 2063 auctor,

180 2099 200 2145 a
222 2079 466 2147 Lomarohandio
473 2131 483 2166 ,
517 2081 726 2148 bibliothocae
749 2081 983 2147 Andocanansis
1005 2083 1168 2164 praefecto,
1197 2084 1314 2150 littoris

180 2185 297 2250 certior
319 2186 422 2251 factus
446 2190 503 2251 ost.
538 2186 582 2250 Eo
605 2185 706 2267 magis
726 2203 836 2269 oporas
853 2186 990 2268 pretium
1013 2189 1059 2252 ost
1083 2190 1225 2255 accurato
1248 2188 1314 2254 col·

179 2289 289 2373 ligero,
313 2290 340 2354 si
363 2289 437 2372 quid
459 2289 600 2354 hominos
616 2289 723 2354 doctos
744 2289 818 2353 indo
832 2289 1030 2372 exscripsisse
1053 2293 1107 2355 aut
1123 2291 1244 2356 contum
1259 2291 1315 2357 aut

180 2391 354 2458 uerisimile
383 2395 445 2471 ost,
478 2391 662 2474 praesertim
686 2409 758 2456 oum
782 2390 881 2456 otiam
907 2391 1120 2475 apographum
1143 2393 1223 2459 illud
1246 2391 1314 2458 Sir·

180 2497 382 2562 mondicnum
412 2494 450 2562 ad
477 2495 557 2562 hano
581 2495 716 2562 astatom
739 2513 801 2561 non
823 2495 967 2561 uideatur
989 2498 1178 2579 paroanissc.

225 2618 264 2682 Et
286 2618 406 2701 primus
429 2616 496 2698 ipss
520 2616 762 2696 Sirmondus‚
798 2620 833 2681 ut
863 2636 957 2700 supra
985 2619 1244 2701 memorabimus,
1263 2618 1312 2683 oin

178 2721 317 2787 editions
333 2720 478 2800 sanccii,
502 2721 613 2786 deindo
637 2720 846 2787 Cilbortus
863 2720 1097 2788 Caulminus
1119 2723 1152 2787 in
1176 2722 1312 2789 sditiono

178 2826 338 2890 Eustathii
359 2825 530 2907 particulas
553 2828 705 2907 quasdam
732 2824 977 2890 instructionum
1006 2827 1200 2910 attulerunt,
1234 2844 1311 2910 quaa

179 2931 235 2993 aot
258 2947 293 2993 sn
316 2928 383 3011 ipso
406 2927 461 2993 illo
490 2927 595 2993 codice
623 2930 749 2993 uetusto
772 2931 827 2993 aot
850 2947 886 2994 cx
909 2931 1085 3015 apographo
1108 2948 1127 2994 a
1149 2929 1311 2996 Sirmondo

177 3034 297 3116 scripto
332 3032 478 3096 uidentur
511 3030 645 3095 fluxisse.
691 3031 897 3115 Rigaltins
927 3034 1033 3098 autom
1068 3034 1310 3099 instructionum

178 3137 270 3200 ustus
295 3134 451 3216 exemplar
473 3133 594 3199 nullum
618 3152 651 3198 ss
675 3134 801 3214 uidisse,
825 3135 880 3200 sod
904 3137 1079 3219 apographo
1101 3138 1226 3203 tantum
1244 3136 1311 3203 Sir-

177 3238 344 3334 mondiono
372 3238 406 3302 in
434 3238 568 3303 editions
598 3238 733 3302 curanda
762 3256 856 3303 usum
883 3256 947 3303 esso
974 3241 1007 3303 in
1029 3240 1221 3323 praefatione
1243 3241 1310 3325 ipse

177 3344 307 3407 fatetur.

221 3464 266 3529 At
288 3463 478 3528 Balunins
501 3463 652 3527 lectiones
676 3481 712 3526 en
734 3462 802 3545 ipso
826 3462 930 3528 codice
945 3463 1160 3530 Andecausnsi
1181 3464 1308 3531 haustas

174 3567 378 3659 conpluribus
406 3584 533 3649 operum
562 3584 689 3631 suorum
717 3566 795 3631 locis
823 3585 885 3631 non
908 3566 955 3631 ita
976 3585 1091 3648 paucas
1113 3567 1226 3635 adfert.
1264 3569 1309 3633 Ea

176 3670 216 3736 do
238 3690 272 3735 ro
294 3670 422 3735 uberius
452 3670 502 3754 ogi
524 3668 557 3733 in
578 3671 702 3735 Blattsr
726 3669 747 3755 i.⁴
771 3672 802 3735 d.
824 3670 931 3753 bayor.
955 3669 1069 3756 Cymn.
1092 3671 1169 3737 XVI
1191 3691 1221 3755 p.
1245 3671 1307 3736 341

173 3791 191 3836 S
236 3771 307 3837 ‘14'
1207 3839 1209 3842 Ι

194 3781 438 3958 ᾳέαἰαιιίηιιε
462 3909 582 3975 quoquo
606 3889 824 3957 Commodiani
847 3894 955 3969 codar,
990 3911 1084 3975 quom
1106 3891 1307 3959 Montfaucon
1325 3896 1376 3941 0⁰⁴¹·
1389 3898 1510 3943 Maian·

175 3996 209 4061 in
232 3994 309 4061 bibl·
327 3994 404 4060 bibl·
429 3999 504 4060 wm-
528 3996 544 4060 Ῑ
567 3994 645 4083 43⁷2*
667 3995 711 4060 ⁸1⁰
733 3995 892 4079 designat:
921 3993 971 4060 ‘on
993 3997 1122 4062 Musaeo
1143 3997 1306 4062 Laurentii
1351 3948 1484 4002 hm*

176 4142 381 4152 ..—..---——-

219 4215 251 4283 ¹⁸)
269 4216 333 4270 Not.
352 4216 381 4269 in
399 4215 522 4271 Lactant.
540 4216 572 4271 da
590 4220 668 4272 mort.
687 4220 815 4286 persecut
839 4234 861 4273 c.
886 4220 931 4285 113
958 4218 1037 4288 Cppr.
1063 4218 1103 4273 od.
1130 4219 1217 4273 Paris.
1243 4235 1305 4275 ann.

175 4302 249 4457 172ἐξ)
262 4301 322 4442 {314
323 4301 578 4458 5Sgi'tnungsborichta
597 4388 672 4445 CVII
689 4406 714 4460 p.
734 4390 785 4445 733
802 4406 859 4459 sqq.
