3109 5050
1172 457 1241 502 xvll

122 643 234 690 narum
250 623 405 705 exemplar
420 622 485 704 ipse
501 623 625 688 uidetur
642 622 822 705 inspexisse,
846 624 956 704 quibus
972 642 1026 688 cur
1041 643 1102 690 non
1118 623 1240 707 saepius

119 728 154 790 et
176 725 371 794 constantius
395 744 467 791 usus
491 726 543 804 sit,
566 727 658 791 ualde
680 727 856 791 mirandum
878 729 935 790 est.

164 828 307 896 ceterum
331 849 369 895 ne
391 830 448 896 hoc
470 829 593 912 quidem
617 828 801 894 sufficiebat.
839 827 986 895 Omnium
1014 831 1151 912 primum
1179 833 1240 914 ipsi

120 934 239 999 codices
269 951 342 1026 mss.
377 935 504 996 tandem
532 932 697 1014 aliquando
731 932 864 998 adeundi
893 937 991 999 erant.
1028 933 1096 998 Hoc
1123 934 1239 1015 primns

119 1042 189 1119 post
211 1036 374 1102 Balunium
397 1037 429 1102 J.
453 1036 489 1101 B.
512 1035 625 1100 Pitra
647 1035 737 1110 fecit,
773 1038 825 1117 qui
858 1035 891 1099 in
924 1035 1079 1119 spicilegii
1109 1035 1237 1102 Solesm.

119 1139 277 1206 uolumine
299 1138 343 1203 IV
366 1159 396 1222 p.
420 1139 484 1204 224
506 1158 571 1222 sqq.
605 1141 706 1204 uarias
740 1137 889 1204 lectiones
922 1138 1064 1204 codicum
1093 1140 1160 1211 BA
1187 1161 1238 1205 er-

118 1244 253 1328 scripsit.
291 1242 357 1324 Quo
380 1245 411 1307 in
435 1261 525 1324 opere
548 1262 618 1307 cum
642 1243 763 1306 uideret
789 1246 904 1323 quauta
932 1242 1059 1307 licentia
1081 1246 1113 1308 et
1134 1245 1237 1326 nogle

120 1347 228 1430 gentia
250 1346 406 1431 Rigaltius
430 1346 461 1410 in
485 1345 618 1411 editione
641 1346 771 1427 egisset,
806 1364 867 1411 non
899 1345 1014 1410 iniuria
1035 1346 1236 1426 proditionem

119 1449 222 1532 potins
245 1450 332 1513 illam
356 1448 569 1514 Commodiani
592 1467 685 1530 quarn
709 1447 875 1513 editionem
897 1466 961 1513 osse
983 1449 1069 1514 dixit.

162 1553 249 1617 Haec
264 1554 352 1617 Pitra
367 1570 447 1616 anno
466 1551 546 1616 1858
563 1550 736 1632 scripserat.
765 1549 826 1616 Sed
847 1551 994 1616 uicesimo
1018 1554 1141 1616 demum
1158 1570 1236 1618 anno

117 1659 189 1737 post
216 1655 336 1738 prodito
363 1654 580 1720 Commodiano
610 1657 648 1720 ab
671 1655 839 1719 Ernesto
861 1655 1021 1738 Ludwig
1051 1655 1236 1719 subnentnm

114 1764 174 1837 est,
198 1759 261 1842 qui,
285 1776 355 1824 cum
378 1776 491 1823 nonam
514 1757 679 1822 editionem
692 1755 732 1840 ⁹⁶)
757 1762 891 1841 pararet,
915 1760 950 1822 nt
970 1775 1063 1841 snpra
1077 1759 1142 1822 iam
1157 1759 1235 1823 dixi-

117 1881 200 1936 mus,
233 1862 319 1929 codd.
341 1861 408 1932 BA
443 1863 540 1927 donno
574 1860 781 1944 perlustrauit
815 1866 846 1926 et
879 1861 1057 1926 Parisinnm
1091 1862 1235 1944 inprimis

115 1967 240 2030 secutus
273 1966 438 2047 permultis
471 1964 546 2028 locis
579 1982 684 2028 ueram
719 1963 887 2028 lectionem
920 1961 1053 2028 feliciter
1086 1964 1234 2041 restituit.

115 2067 204 2134 Idem
237 2068 269 2132 in
301 2067 492 2148 praelatione
526 2070 709 2150 apparatum
742 2066 887 2131 criticum
918 2066 1009 2130 etin
1042 2066 1101 2130 fine
1134 2065 1235 2132 libelli

114 2169 234 2236 indices
263 2174 405 2236 accurate
432 2171 601 2252 conpositos
631 2168 760 2236 addidit.
813 2167 870 2233 Coi
897 2169 923 2233 si
945 2168 1234 2235 chaltenhamensis

113 2292 236 2357 quoque
258 2273 371 2338 codicis
394 2274 482 2358 copia
505 2276 585 2338 esset
607 2272 697 2350 facta
720 2273 820 2336 totam
842 2273 967 2337 uidetur
988 2291 1053 2337 rem
1076 2273 1234 2339 absolutu-

62 2383 64 2386 ’
112 2395 167 2442 rus
191 2377 293 2442 fuisse.

294 2550 350 2620 De
375 2548 501 2619 codice
524 2567 589 2618 ms.
614 2546 790 2618 carminis
813 2545 1051 2633 apologetici.

157 2685 289 2751 Carmen
313 2686 537 2768 apologeticum
560 2705 619 2749 nno
642 2687 744 2750 codice
768 2702 826 2749 ms.
843 2686 1029 2770 continetur,
1054 2687 1107 2769 qui
1123 2691 1155 2751 et
1169 2688 1234 2769 ipse
1247 2702 1297 2743 cor·
1316 2702 1444 2745 renonen-

111 2790 145 2854 in
174 2789 376 2855 celeberrima
401 2789 459 2854 illa
487 2787 677 2854 bibliotheca
699 2787 954 2853 Mediomontana
977 2790 1025 2854 uel
1048 2788 1233 2854 Cheltenha·
1270 2756 1335 2796 ω’
1348 2773 1373 2791 ²
1386 2755 1416 2799 ι

111 2893 212 2961 mensi
234 2893 384 2957 seruatur.
418 2892 511 2957 Hunc
533 2890 670 2957 codicem
692 2889 784 2972 paulo
807 2894 889 2967 anto,
913 2909 1006 2972 qnam
1023 2891 1105 2975 typis
1121 2891 1232 2956 erscri·

110 2994 251 3074 beretur,
285 3014 320 3059 er
347 2994 441 3058 ltalia
466 2991 570 3076 ‘quasi
593 3012 610 3057 e
631 2995 735 3059 uetere
763 2992 894 3060 libraria
918 2990 1077 3060 Bobiensi'
1103 2995 1233 3061 allatum

109 3116 178 3163 osse
201 3098 287 3163 Pitra
314 3097 346 3161 in
375 3097 600 3181 prolegomenis
623 3116 653 3179 p.
675 3096 768 3161 XVII
789 3098 933 3163 testatur.
967 3097 1025 3161 Est
1053 3098 1106 3161 ille
1132 3118 1232 3164 mem-

110 3200 294 3279 branaceus,
317 3200 457 3283 signatus
480 3218 607 3265 numero
626 3200 738 3278 12261,
754 3201 886 3266 ‘saeculo
902 3199 978 3265 VIII
1001 3200 1065 3265 iere
1088 3203 1231 3285 scriptus.

109 3303 149 3368 In
172 3322 207 3369 eo
229 3322 351 3369 carmen
375 3303 602 3387 apologeticum
624 3322 642 3369 a
664 3301 736 3367 lolio
754 3303 829 3367 182¹
852 3322 947 3387 usqne
969 3306 1007 3369 ad
1029 3301 1140 3367 folium
1159 3303 1233 3368 lili.v

109 3408 207 3490 patet
236 3407 383 3472 Extrema
402 3406 517 3491 pagina
537 3405 602 3471 situ
624 3407 656 3470 et
677 3405 771 3471 tineis
793 3407 858 3471 tam
880 3406 962 3471 male
983 3404 1095 3471 habita
1116 3408 1176 3495 est,¹
1195 3407 1232 3472 ut

107 3511 288 3591 ⁴scripturae
310 3508 466 3575 interdum
489 3512 544 3573 ant
566 3526 717 3591 perpauca
739 3512 793 3575 aut
815 3509 902 3573 nulla
917 3510 1074 3590 supersint
1090 3511 1230 3592 uesdgia.

111 3612 314 3678 Anteceduut
336 3614 485 3695 quaedam
509 3610 677 3695 Augustini
700 3615 732 3677 et
754 3612 935 3694 Hieronymi
957 3613 1112 3694 opuscula.
1145 3614 1230 3682 Folio

109 3713 194 3794 1823
224 3718 260 3779 ut
283 3714 328 3779 ait
350 3714 453 3793 Pitra,
487 3715 563 3779 haec
585 3718 633 3781 est
653 3714 830 3796 inscriptio:
859 3711 990 3795 ‘Incipit
1012 3716 1230 3797 argumentum

106 3817 284 3901 ,Augustini
308 3817 439 3901 episcopi
455 3818 493 3884 ad
508 3818 659 3901 Alypium
678 3814 884 3901 episcopum'3
907 3817 1026 3901 reliqua
1047 3837 1118 3902 pars
1141 3819 1229 3903 prgi-

109 3939 168 3987 nae
191 3938 290 3987 uacua
319 3924 382 4004 est3
417 3921 451 3984 in
480 3922 578 3985 altero
605 3923 711 3985 autem
733 3920 801 3986 folii
823 3921 921 3986 latero
944 3921 1049 4004 (182¹)
1072 3923 1156 3989 nullo
1179 3924 1229 3989 uel

107 4023 245 4088 auctoris
269 4024 391 4088 nomine
413 4022 463 4087 uel
485 4025 631 4087 carminis
647 4024 739 4089 titulo
755 4024 871 4104 scripto
887 4023 985 4107 ipsius
1001 4025 1149 4089 carminis
1164 4025 1227 4089 ini-

105 4126 190 4191 tium
211 4125 385 4191 inuenitur:

183 4228 259 4307 Quis
281 4228 396 4312 poterit
417 4246 513 4294 unum
536 4229 658 4312 proprie
681 4230 780 4294 Deum
804 4247 894 4293 nosse
916 4230 1071 4294 caelorum
1094 4233 1152 4296 etc.

149 4382 182 4449 ¹⁵)
199 4380 305 4451 Lipsiae
322 4380 351 4435 in
369 4380 477 4436 aedibus
494 4380 525 4434 Β.
543 4381 575 4436 G.
594 4380 732 4442 Teubner-i,
749 4379 1018 4440 mococnxxvlu.

158 4484 217 4539 XV.
1107 4483 1124 4539 b
