3109 5050
291 433 347 478 m

290 601 414 666 Nicolai
430 601 560 686 Rigaltii
583 603 717 666 mortem
741 601 801 666 Pin
816 599 998 666 Prioriue
1021 601 1122 669 denuo
1144 603 1190 668 ita
1212 605 1300 687 typis
1321 604 1428 687 inpri-

292 706 407 770 menda
429 707 561 780 curauit,
585 707 622 769 nt
643 705 775 769 aliomm
800 723 921 787 quoque
935 705 1123 788 scriptorum
1136 705 1425 772 ecclesiastieorum

288 810 384 874 libros
414 809 560 890 adderet,
594 827 724 890 quorum
747 807 897 872 ultimum
921 809 1023 874 locum
1045 807 1263 877 Commodiaui
1282 809 1426 876 instruc·

288 912 391 976 tiones
413 911 557 977 obtinent
579 912 625 976 sic
646 911 832 993 inscriptae:

325 1049 555 1116 'Commodiani
574 1051 798 1116 instructiones
814 1050 964 1116 aduersus
986 1051 1132 1134 gentium
1146 1053 1228 1118 deca
1258 1052 1322 1119 Ρη
1337 1052 1427 1118 chri·

288 1153 393 1218 etiaua
408 1153 579 1238 dismplina
602 1154 754 1236 Tempore
771 1152 917 1218 Siluestri
932 1152 967 1220 P.
983 1153 1022 1220 B.
1037 1153 1096 1218 sub
1113 1153 1316 1221 Constantino
1331 1154 1423 1222 Caes.

287 1259 487 1340 compositae.
532 1257 628 1324 Nunc
655 1259 794 1342 primum
825 1258 909 1342 typis
939 1259 1120 1336 mandatae,
1153 1257 1235 1324 Cura
1259 1263 1292 1322 et
1313 1259 1422 1324 studio

288 1361 412 1426 Nicolai
434 1361 565 1444 Rigaltii
587 1379 660 1426 eum
682 1361 820 1426 eiusdem
842 1357 954 1426 Notis!

330 1499 418 1565 Haec
439 1501 466 1564 ei
489 1501 558 1582 quie
580 1518 691 1582 parum
714 1505 806 1566 caute
829 1499 960 1584 legerit,
995 1518 1056 1564 nou
1084 1503 1186 1581 potest
1211 1517 1274 1566 nou
1296 1499 1421 1582 opinari

287 1605 354 1669 illio
376 1607 432 1669 aut
452 1605 554 1688 ipsam
576 1603 742 1668 editionem
765 1603 939 1686 principem
954 1603 1089 1686 Rigaltii
1110 1607 1166 1669 aut
1183 1605 1269 1668 certe
1291 1603 1418 1669 similli-

287 1727 374 1772 mum
397 1711 463 1772 eius
485 1707 645 1788 exemplar
660 1706 758 1772 oculis
774 1707 842 1770 suis
856 1706 976 1788 odorri3
997 1725 1130 1789 quorum
1146 1711 1294 1773 neutrum
1308 1725 1418 1772 uerum

287 1817 344 1876 eet
379 1811 460 1876 Nam
475 1811 633 1893 Rigaltius
649 1815 717 1874 tum
741 1811 806 1875 iam
821 1809 987 1875 duodecim
1010 1811 1103 1875 anuis
1125 1815 1200 1875 aute
1220 1809 1292 1876 uita
1312 1811 1417 1876 decea-

287 1917 371 1980 eerat
392 1915 425 1979 et
446 1913 561 1978 Priorii
584 1913 681 1977 editio
704 1930 765 1978 uon
788 1913 938 1994 primam,
972 1913 1027 1977 sed
1050 1913 1182 1977 atteram
1202 1912 1417 1994 Rigaltiauam

287 2020 333 2082 ita
354 2017 575 2100 repraesentat,
599 2021 645 2094 nt
668 2015 722 2082 ubi
744 2015 784 2081 ab
806 2015 864 2080 itu
883 2016 1031 2098 diuergit,
1052 2015 1240 2098 plerumque
1260 2016 1337 2080 noui
1352 2015 1417 2080 edi·

287 2121 365 2186 toris
398 2121 516 2185 incuria
547 2137 674 2184 oausam
707 2121 872 2184 sustineat
916 2117 965 2184 cf.
994 2117 1284 2204 Sitcuugeberichte
1317 2117 1400 2183 XCV
1402 2118 1417 2181 Ι

288 2246 318 2308 p.
341 2225 416 2288 463.

330 2347 372 2410 Et
394 2347 499 2410 umen
522 2346 595 2410 huic
618 2345 729 2412 tertiae
751 2346 949 2429 potissimum
974 2343 1102 2410 editioni
1123 2342 1263 2409 ludibrio
1281 2345 1415 2426 quodam

287 2448 430 2514 fortunae
458 2448 605 2532 contigit,
640 2452 675 2513 ut
702 2450 842 2514 subolem
864 2451 942 2514 satis
965 2446 1104 2532 amplam
1126 2452 1324 2531 propagaret.
1368 2447 1415 2510 Ac

287 2552 390 2633 prima
410 2552 538 2635 quidem
560 2553 647 2619 illino
669 2554 831 2618 deriuatur
860 2555 957 2619 editio
986 2553 1242 2627 instructionum,
1280 2568 1360 2634 quae
1381 2551 1415 2614 in

286 2655 446 2721 uolumine
469 2658 590 2723 XXVII
612 2657 804 2721 Maximae
826 2656 1102 2722 bibliothecae
1124 2658 1251 2739 patrum
1266 2654 1414 2739 Lugduni

287 2779 366 2827 anno
395 2762 477 2826 1672
506 2760 588 2843 typis
614 2761 756 2844 inpressa
782 2764 847 2843 est;
879 2760 991 2825 deiude
1007 2758 1416 2837 Schurafleiechiuua‚

286 2864 526 2947 Dauisiana,
565 2863 851 2943 Gallandiana,
889 2863 927 2929 de
963 2864 1078 2945 quibus
1113 2862 1346 2945 disputauimus
1383 2862 1415 2925 iu

286 2965 573 3050 Sitcungsberichto
602 2964 703 3033 xcvl
731 2987 761 3049 p.
784 2967 850 3031 463
871 2986 918 3051 sq.
962 2968 1100 3033 Eundem
1129 2966 1214 3030 uiam
1241 2967 1417 3047 sequuntur

286 3068 437 3135 editiones
471 3070 729 3137 Pisaurensie
765 3070 810 3147 (iu
839 3070 1034 3135 collectionis
1061 3068 1257 3135 Pisaureneie
1279 3072 1358 3134 tom.
1387 3066 1415 3131 V

285 3190 366 3238 anno
391 3172 475 3238 1766
498 3172 559 3255 ed.)
585 3176 616 3239 et
639 3175 873 3256 Augustana
897 3174 944 3253 (in
965 3173 1002 3237 P.
1018 3173 1173 3236 Dominici
1189 3172 1319 3237 Sciriam
1339 3188 1414 3236 ana-

285 3275 364 3359 lyeis
387 3292 513 3357 operum
536 3296 559 3341 s.
579 3297 604 3341 s.
628 3280 753 3359 patrum
769 3277 845 3341 tom.
862 3275 909 3340 VI
923 3294 1004 3342 anuo
1021 3276 1106 3342 1784
1120 3278 1195 3357 ed).
1227 3275 1298 3341 Nou
1313 3272 1414 3358 magis
1522 3257 1523 3332 4

288 3378 382 3443 editio
403 3378 607 3460 Migneana
629 3380 769 3465 (Migne,
792 3379 908 3466 patrol.
930 3400 990 3446 ser.
1013 3381 1068 3445 lat.
1083 3382 1160 3445 tom.
1177 3378 1220 3463 V)
1234 3396 1316 3443 anuo
1333 3377 1416 3443 1844

286 3480 417 3547 Parisiis
432 3482 564 3567 uulgata
577 3484 785 3567 antiquiorem
800 3484 919 3549 fontem
934 3486 1164 3568 repraesentat3
1180 3501 1254 3548 uam
1268 3481 1415 3565 religiose

287 3584 411 3649 Dauieii
434 3587 466 3650 et
488 3586 648 3653 Gallaudii
674 3606 795 3653 errores
827 3591 933 3653 seruat
964 3588 1059 3668 atque
1080 3586 1203 3670 repetit,
1237 3586 1291 3668 qni
1319 3583 1415 3668 ipsius

286 3688 418 3771 Rigaltii
439 3688 628 3755 editionibus
649 3689 915 3775 inspectisiacile
937 3692 1108 3774 potuerunt
1129 3690 1298 3755 emendari.

330 3826 428 3892 Paulo
451 3828 609 3894 meliorem
633 3828 681 3893 est
702 3830 864 3915 ingressus
886 3828 971 3893 uiam
993 3828 1231 3893 Franciscus
1255 3826 1411 3903 Oehler,

286 3931 341 4011 qui
371 3928 584 3997 Commodiani
617 3933 837 3999 instructiones
867 3934 900 3997 iu
927 3931 1137 3997 bibliothecae
1165 3932 1291 4016 patrum
1314 3930 1412 3995 ecole-

286 4033 486 4100 siastioorum
513 4035 744 4103 Gersdorfienae
773 4035 934 4102 uolumine
956 4034 1037 4099 XIII
1066 4052 1146 4099 auno
1171 4033 1252 4099 1847
1281 4032 1412 4098 edendas

286 4138 417 4203 curauit.
455 4138 486 4203 Is
508 4139 541 4203 iu
565 4140 789 4207 commentario
812 4159 849 4204 er
877 4139 1018 4221 priorum
1049 4137 1219 4202 editionum
1249 4136 1411 4221 farragine,

286 4258 365 4323 quae
387 4242 478 4307 utilia
500 4242 700 4323 uidebantur,
736 4244 813 4309 satis
840 4242 1007 4326 prudenter
1029 4240 1180 4323 excerptis
1204 4238 1357 4307 nonnulla
1378 4256 1413 4303 ex

286 4363 344 4410 eua
372 4345 511 4411 doctrino
542 4347 671 4413 addidit.
709 4349 798 4413 Idem
827 4346 1028 4412 Beroliuense
1056 4344 1228 4411 editionum
1256 4341 1411 4426 Rigaltia·
